3140 4998
628 121 878 191 'rumonuorm
1040 129 1042 136 “
1262 211 1265 218 ¹
1328 138 1364 193 aa

72 297 76 304 ’
150 300 289 368 exhibiti
312 324 423 370 omnes
445 304 576 369 ultimas
596 313 693 370 notae
716 303 879 369 decimatis
902 307 1060 392 partibus3
1087 307 1154 383 vel,
1176 307 1203 370 si
1225 329 1284 394 pro
1308 312 1362 368 v0·²
1431 323 1433 326 ·

148 417 221 499 ejus
244 415 335 482 valor
356 417 567 496 a,²÷‹x,²÷..
575 441 628 498 ,α
631 421 727 494 εΣᾳ2
750 419 889 503 ponitur,

466 543 607 721 ρν-
631 613 691 677 ent
713 633 803 679 error
824 612 1000 700 probabilis

424 871 428 880 ·
544 865 606 948 -6-π-
628 849 718 893 error
739 828 875 894 medius.

701 1075 727 1155 s.
753 1076 805 1140 n.

236 1197 429 1286 Priusquam
460 1203 616 1269 formulas
647 1203 794 1268 inventas
828 1201 1056 1279 adhibeamus,
1091 1203 1362 1290 computationem

145 1312 404 1399 logarithmicam
432 1316 466 1378 in
495 1317 683 1380 universum
712 1303 893 1380 accuratius
921 1324 1166 1402 perscrutemur.
1216 1311 1361 1380 Primum

146 1425 339 1490 sumendum
354 1438 493 1504 nonest,
516 1429 666 1513 quotiens
688 1429 850 1493 transieris
874 1452 896 1491 a
917 1428 1109 1513 logarithmo
1134 1426 1360 1491 adnumerum
1421 1449 1428 1506 j

45 1604 49 1610 ,
118 1553 120 1558 ·
146 1539 201 1602 vel
223 1561 243 1603 a
264 1560 398 1604 numero
422 1541 463 1604 ad
483 1540 722 1626 logarithmum,
745 1543 861 1606 totiens
885 1561 1027 1605 errorem
1050 1541 1149 1616 nasei,
1173 1542 1265 1623 cujus
1287 1541 1360 1604 finis

146 1651 189 1714 sit
215 1650 349 1716 dimidia
379 1653 499 1729 unitas,
534 1653 709 1718 dummodo
743 1653 786 1717 ad
820 1653 948 1718 tabulas
968 1653 1205 1748 *logaritbmum
1235 1663 1364 1747 partem
1391 1697 1394 1705 ι

145 1764 418 1850 proportionalem
442 1753 613 1829 addideris.
662 1765 790 1830 Deinde
819 1768 935 1830 erroris
963 1765 1172 1852 probabilitas
1195 1767 1229 1828 in
1252 1764 1373 1864 diver-'

145 1876 191 1939 sis
213 1875 391 1940 intervallis
413 1898 479 1942 non
502 1888 550 1940 est
573 1876 703 1953 eadem,
733 1900 832 1962 quum
858 1878 968 1964 plures
997 1898 1139 1940 errorum
1162 1877 1268 1940 fontes
1291 1879 1359 1940 exi-

145 1995 241 2050 stant.
292 1985 444 2072 Denique
469 1989 552 2052 inter
580 2011 615 2051 se
644 1989 827 2074 discrepant
855 1999 886 2050 et
913 1989 1029 2051 limites
1058 1999 1090 2086 et
1116 1989 1358 2074 probabilitates
1473 2061 1476 2068 ,

130 2119 306 2176 errorum,
334 2109 431 2186 prout
457 2122 477 2163 a
505 2121 639 2164 numero
667 2101 709 2165 ad
732 2100 958 2184 logarithmum
983 2110 1037 2163 aut
1060 2124 1079 2162 a
1101 2099 1293 2185 legarithmo
1317 2101 1358 2165 ad
1420 2137 1423 2144 ·

40 2239 46 2248 ·
146 2233 316 2276 numerum
347 2213 384 2276 fit
410 2213 572 2276 transitus.
622 2211 844 2298 Aequationes
871 2214 971 2297 igitur
996 2213 1029 2275 in
1058 2213 1083 2292 ξ.
1116 2215 1134 2274 2
1163 2213 1357 2297 propositae,

145 2325 181 2387 in
197 2325 314 2408 quibus
330 2345 390 2411 pro
407 2325 542 2388 transitu
558 2347 756 2411 unoquoque
772 2349 857 2390 unus
874 2335 996 2390 tantum
1011 2326 1128 2388 erroris
1145 2324 1217 2387 fons
1233 2335 1356 2390 sumtus

145 2446 204 2516 est,
226 2437 462 2502 modificatione
486 2437 622 2522 quadam
647 2449 753 2523 egent.
790 2437 867 2514 Sed,
890 2449 926 2501 ut
948 2439 1054 2502 omnia
1077 2446 1188 2500 exacte
1210 2437 1356 2501 formulis

119 2548 373 2626 exhibeantur,
403 2551 540 2644 primum
569 2572 588 2613 a
615 2573 748 2615 numero
773 2552 923 2614 transitus
946 2550 988 2614 ad
1010 2547 1237 2634 logarithmum
1261 2572 1356 2614 aecu-
1393 2629 1396 2634 .
1465 2609 1467 2614 .

145 2664 245 2726 ratius
267 2661 497 2727 consideretur.
1370 2659 1373 2666 ’

233 2772 334 2852 Quod
357 2775 384 2838 si
406 2776 607 2862 propositum
632 2783 695 2848 est,
722 2783 758 2837 ut
786 2774 860 2838 dato
883 2795 1017 2838 numero
1040 2773 1240 2859 respondens
1262 2774 1355 2858 loga·
1396 2841 1398 2846 ,
1455 2847 1457 2853 λ

143 2887 279 2952 rithmus
302 2895 490 2971 quaeratur,
516 2886 615 2970 vulgo
638 2886 683 2949 ita
706 2888 830 2970 agitur,
856 2897 892 2948 ut
914 2885 954 2948 ad
977 2886 1105 2950 tabulae
1128 2885 1354 2970 logaritbmum

76 3082 79 3090 Ι
144 3022 220 3088 pars
247 2997 495 3086 proportionalis
529 2996 731 3062 differentiae
758 2997 1022 3082 legarithmorum
1051 2998 1180 3061 tabulae
1208 2997 1354 3062 addatur.

144 3112 258 3198 Itaque
285 3111 314 3176 si
340 3112 384 3190 L,
413 3121 445 3174 et
471 3112 515 3191 L,
544 3121 619 3174 sunt
645 3109 828 3193 logarithmi
860 3109 1003 3186 tabulae,
1036 3111 1118 3174 inter
1146 3132 1226 3193 quos
1253 3110 1354 3175 inter·

62 3297 66 3306 ¹
145 3223 263 3312 palatio
285 3221 481 3288 instituenda
503 3232 565 3297 est,
588 3246 602 3282 ε
624 3231 730 3288 autem
754 3233 802 3286 est
824 3223 947 3297 fractio,
970 3243 1029 3308 per
1052 3244 1148 3307 quam
1172 3222 1355 3287 differentia

119 3395 122 3404 .
145 3336 339 3416 A=L,-L,
365 3344 413 3399 est
435 3333 686 3421 multiplicanda,
708 3334 886 3400 seeundum
900 3335 1046 3418 regulam
1062 3335 1239 3419 vulgarem,
1261 3337 1354 3418 eujus

146 3449 207 3512 hoe
228 3447 300 3511 loeo
323 3447 404 3510 ratio
426 3445 576 3510 habenda
598 3457 656 3523 est,

94 3552 108 3560 Η
650 3559 691 3638 L,
705 3565 786 3630 -Ι-εΔ

147 3672 206 3738 erit
227 3636 439 3756 loparimmus
462 3671 641 3772 quaesitus,
670 3669 704 3732 in
733 3689 797 3752 quo
821 3674 861 3727 ru
890 3677 1037 3732 accurate
1065 3669 1196 3752 quidem
1221 3689 1354 3754 eompu-

147 3793 245 3878 tatum
269 3793 326 3862 est,
349 3780 408 3848 sad
429 3783 565 3868 integris
588 3791 710 3847 tantum
733 3780 862 3844 ultimae
885 3789 981 3844 notae
1000 3779 1163 3846 decimalis
1179 3781 1355 3844 unitatibus

147 3896 332 3962 exhibitum.
1065 3963 1069 3968 ,

235 4007 399 4085 Sumatur,
407 4009 442 4092 s,
457 4017 488 4072 et
495 4010 529 4092 f,
547 4030 618 4072 esse
630 4029 758 4074 errores
772 4005 1038 4089 legarithmorum
1054 4005 1181 4068 tabulae
1195 4003 1238 4083 L,
1256 4011 1288 4064 et
1296 4002 1356 4084 L„

148 4123 191 4185 ita
212 4119 450 4206 intelligendos,
477 4131 512 4184 ut
534 4121 658 4204 L,÷f,
683 4137 715 4182 et
737 4119 857 4203 L,·t·f,
880 4120 943 4184 sint
967 4118 1071 4180 exacti
1092 4114 1357 4200 logarithmorum

147 4232 281 4309 ratores,
303 4253 394 4298 error
416 4231 598 4316 logarithmi
623 4233 748 4312 L,÷ea
772 4231 832 4292 erit

584 4343 873 4426 ,ΗΜ-ΛΜΞ

43 4465 65 4522 ’.
121 4433 223 4539 ἐἰῇ
247 4456 397 4542 designat
420 4477 569 4530 errorem,
594 4455 649 4537 qui
673 4475 691 4516 e
714 4451 871 4538 producto
895 4451 1061 4515 decurtato
1077 4457 1118 4511 εΔ
1131 4450 1357 4540 proficiscitur,
1443 4437 1449 4450 ¹
