3140 4998
217 231 252 289 n
717 223 912 284 »maruno
1027 295 1030 302 ¹

220 394 454 460 alineamento
484 391 674 458 nonsoncali
702 391 846 478 incipiat.
892 389 966 456 Quo
997 389 1109 457 ordine
1137 388 1353 466 factumest,
1384 393 1424 451 ut
1547 435 1549 496 ,1

220 523 344 572 sursunt
367 515 402 572 et
424 505 577 570 deorsum
600 505 727 571 calores
749 503 881 570 minutis
905 502 1058 568 secundis
1081 500 1103 567 0
1123 497 1283 587 usquead
1303 495 1347 564 60
1368 517 1424 564 re·

219 620 422 707 spondentes
445 618 478 683 in
502 625 678 704 systemate
702 616 969 682 lineamentorum
991 637 1121 703 prorsus
1151 613 1297 679 similiter
1319 610 1424 676 collo·

219 730 283 795 cati
312 730 387 796 sint
439 725 612 794 Praeterea
639 729 746 816 priora
775 729 914 816 quinque
947 728 1071 794 minute
1100 727 1202 815 prima
1232 747 1251 790 a
1278 723 1423 811 quinque

218 841 451 930 posterioribus
474 840 630 908 crassiore
652 839 851 908 lineamento
867 841 1056 907 horinontali
1071 841 1174 906 divisa
1188 837 1273 917 sunt,
1297 846 1333 902 ut
1345 855 1425 902 ocu·

219 955 259 1019 lia
282 953 506 1020 adminiculum
526 952 629 1018 denar.
675 952 731 1018 llla
753 973 831 1020 vero
849 955 1007 1034 columna,
1031 954 1081 1020 cui
1098 951 1348 1039 suprascriptum
1370 957 1424 1013 est
1549 989 1550 1002 ι

221 1059 291 1145 10’(,
314 1065 468 1130 etiamid
491 1063 693 1131 commodum
715 1066 828 1146 affert,
851 1077 889 1134 nt
911 1065 1114 1133 differentiae
1137 1064 1223 1130 inter
1246 1056 1283 1129 Ψ
1305 1070 1340 1126 et
1365 1052 1425 1127 w*
1479 1095 1482 1100 ·

183 1263 187 1271 .
219 1177 345 1245 facilium
368 1179 495 1245 formari
517 1177 655 1264 possint.
700 1177 816 1266 Neque
839 1180 986 1266 ineptum
1008 1179 1125 1244 fuisset
1147 1178 1180 1241 in
1195 1175 1304 1240 tabula
1327 1173 1349 1237 l.
1374 1172 1426 1237 lo·

220 1291 457 1378 garithmomm,
481 1291 650 1369 columna,
680 1291 731 1356 cui
754 1301 833 1356 nota
860 1285 901 1358 lo
922 1291 955 1356 in
979 1293 1105 1357 vertice
1129 1287 1346 1375 suprascripta
1368 1283 1425 1364 sit,
1549 1275 1550 1284 ’

220 1403 339 1483 addita,
362 1402 499 1469 eandem
522 1411 639 1488 petere
663 1405 897 1483 oeconomiam,
921 1404 980 1469 sed
992 1401 1182 1490 praeoptavi
1193 1401 1426 1466 lineamentum

219 1515 375 1582 verticale
397 1513 484 1580 inter
497 1523 592 1580 notas
608 1515 677 1582 det
699 1515 719 1580 5
735 1516 878 1597 duonum,
902 1517 988 1604 quod
1005 1515 1137 1582 civitate
1153 1514 1288 1600 quadam
1304 1511 1426 1597 gaudet

221 1627 254 1693 in
277 1626 537 1713 logarithmorum
567 1626 702 1707 tabulis,
733 1651 828 1714 quum
852 1629 1056 1696 differentiae
1085 1628 1172 1692 inter
1194 1631 1380 1711 argumenta
1403 1621 1425 1688 9

222 1750 257 1807 et
284 1739 324 1806 10
346 1738 488 1805 minores
512 1738 578 1803 sint
598 1739 708 1824 itaque
732 1743 936 1808 commodum
960 1743 987 1806 si
998 1739 1122 1807 lucilius
1132 1737 1262 1806 formari
1276 1743 1425 1823 possunt,

221 1875 287 1920 non
303 1851 411 1937 magni
434 1851 668 1918 aestimandam
683 1851 736 1918 sit
782 1852 936 1920 Ceterum
957 1853 1045 1919 varia
1067 1851 1196 1916 aliarum
1219 1847 1356 1936 partium
1376 1855 1426 1912 ta-

179 2020 182 2028 .
220 1964 318 2032 bulae
343 1963 537 2031 oeconomia
559 1963 622 2029 hoc
645 1973 790 2051 praestat
813 1965 1033 2050 commodum,
1055 1973 1092 2030 ut
1114 1985 1157 2028 ex
1179 1985 1219 2028 ea
1240 1960 1323 2026 libro
1346 1981 1426 2025 evo·

220 2078 287 2144 luto
325 2076 434 2143 statim
457 2099 638 2163 cognoscas
668 2100 762 2165 quam
785 2089 910 2165 partem
938 2077 1075 2156 habeas,
1107 2076 1140 2141 id
1170 2073 1257 2162 quod
1281 2074 1348 2159 jam
1375 2069 1425 2136 ill.

220 2189 376 2276 Babbage
398 2191 533 2270 monuit,
558 2190 609 2256 cui
631 2190 758 2270 addam,
781 2191 869 2255 idem
892 2189 1048 2277 praestari
1071 2187 1214 2274 margine
1237 2184 1424 2273 paginarum

221 2302 454 2386 aglutinatore
478 2302 565 2367 varie
590 2303 745 2380 coloratu,
767 2312 804 2367 ut
825 2303 992 2388 primariae
1015 2301 1087 2366 libri
1109 2309 1230 2388 partes,
1254 2319 1336 2384 quac
1359 2317 1426 2362 non

220 2413 341 2478 multae
365 2421 451 2492 sunt,
470 2413 538 2497 jam
552 2413 696 2478 'externa
718 2413 831 2499 specie
853 2423 1101 2501 cognoscantur.

309 2525 523 2591 Functionum
545 2523 878 2610 trigonometioarum
900 2525 1029 2593 tabulae
1052 2547 1127 2614 pars
1145 2527 1245 2590 altera
1261 2523 1427 2609 complec-
1466 2593 1470 2600 ,

220 2637 298 2703 titur
320 2636 526 2723 logarithmos
550 2635 696 2715 sinuum,
721 2637 905 2718 cosinuunr,
935 2639 1153 2724 tangentium,
1185 2634 1427 2721 cotangentirnn

221 2771 281 2837 pru
304 2748 437 2835 singulis
459 2748 653 2814 minutorum
678 2750 893 2816 secundorum
917 2749 1104 2816 decadibus.
1150 2749 1186 2814 ln
1209 2770 1272 2836 qua
1287 2767 1427 2835 symme-

120 2897 124 2908 ·
221 2861 283 2928 tria
302 2861 444 2948 expleta,
465 2870 654 2947 argumento
677 2861 735 2928 vel
754 2872 927 2929 crescente
943 2865 997 2949 rel
1009 2863 1237 2942 decrescente,
1260 2861 1293 2926 in
1305 2881 1347 2926 co
1366 2879 1427 2946 pe·

221 2975 323 3041 tenda
343 2973 523 3053 ridebatur,
546 2973 633 3060 quod
643 2975 861 3042 columnamm
885 2977 988 3041 series
1012 2975 1055 3042 sit
1071 2976 1156 3053 talis,
1179 2971 1424 3058 utlogarithmis

222 3085 348 3154 sinuum
370 3077 526 3173 inprims
548 3087 697 3152 columna
718 3111 821 3175 prope
845 3098 1067 3175 argumentum
1088 3087 1205 3176 positis
1228 3107 1270 3152 ex
1286 3084 1423 3150 adverso

221 3199 443 3286 respondeant
463 3199 644 3284 legarithmi
668 3201 837 3267 cosinuum
859 3201 892 3265 in
915 3212 1079 3288 postrema
1101 3203 1250 3268 columna
1267 3197 1366 3285 positi
1390 3205 1425 3262 et

221 3311 291 3398 pari
313 3313 411 3377 modo
434 3311 631 3396 logarithmis
655 3314 856 3399 tangentium
878 3313 913 3378 in
936 3314 1037 3379 altera
1060 3315 1208 3379 columna
1237 3310 1353 3400 positis
1375 3310 1426 3375 lo·

222 3423 369 3508 garithmi
392 3423 633 3507 ootsngentium
656 3424 690 3489 in
713 3425 809 3490 tertia
830 3426 997 3505 collocati,
1027 3447 1108 3512 quae
1132 3427 1350 3492 columnarum
1372 3445 1426 3488 se·
1513 3451 1518 3462 ·
1552 3487 1554 3506 .

222 3535 287 3602 ries
305 3535 373 3620 jam
395 3534 614 3630 inunonnullis
642 3535 759 3601 tabulis
787 3537 1023 3603 recentioribus
1054 3539 1208 3625 adoptata
1229 3548 1291 3602 est.
1338 3535 1425 3600 'l'an-

222 3647 366 3735 gentium
388 3657 424 3713 et
446 3648 689 3734 cotangentirun
712 3649 916 3725 differentiae
940 3672 1035 3737 quum
1059 3650 1124 3716 sint
1147 3671 1334 3717 communes
1357 3669 1425 3713 me·

224 3760 310 3828 diuam
333 3761 438 3828 locum
462 3759 546 3825 inter
568 3761 626 3827 has
649 3762 839 3828 functiones
856 3772 991 3843 tenent,
1021 3763 1146 3830 sinuum
1174 3786 1253 3829 vero
1284 3771 1319 3828 et
1341 3761 1427 3828 cosi·

155 3927 159 3934 .
222 3895 320 3940 nuum
343 3875 384 3940 ad
407 3875 554 3940 dextram
576 3874 775 3941 hunctionum
797 3876 923 3962 positae
941 3886 1024 3941 sunt.
1070 3875 1353 3942 lineamentorum
1367 3874 1427 3938 ho·

221 3987 422 4054 montolium
445 3987 577 4066 ordine,
607 3987 660 4073 qui
689 3988 722 4052 in
745 3987 806 4053 hac
830 3985 959 4053 tabulae
989 3999 1079 4074 parte
1103 3987 1267 4076 partitioni
1291 4007 1427 4073 sexage-

221 4100 329 4168 nariae
352 4100 511 4188 aptandus
534 4109 621 4177 erat,
651 4099 684 4164 id
708 4099 848 4184 egimus,
871 4111 907 4167 ut
928 4101 1114 4167 functiones
1137 4099 1273 4185 integris
1296 4098 1427 4165 minutis

87 4275 94 4302 ,
221 4213 461 4300 respondentes
485 4213 661 4300 conspiuae
682 4212 858 4280 reddantur
880 4223 915 4280 et
929 4213 1013 4280 libro
1029 4213 1160 4279 evoluto
1182 4211 1291 4276 statim
1306 4233 1428 4299 cogno·

223 4334 362 4392 scandar.
405 4325 604 4393 Functicnes
628 4348 717 4406 vero,
741 4349 823 4413 quae
846 4326 1044 4414 argumentis
1071 4319 1140 4405 10'',
1164 4315 1234 4402 20⁹,
1258 4316 1333 4403 30⁰,
1358 4319 1427 4404 till',

222 4432 282 4504 5il'
302 4441 506 4526 respondent
528 4449 564 4506 et
586 4439 726 4528 quinque
749 4438 845 4507 lineis
866 4440 953 4508 inter
965 4438 1089 4505 minuta
1103 4435 1206 4523 prima
1219 4434 1346 4520 integra
1361 4437 1428 4507 ool·

221 4551 348 4620 locatae
372 4561 464 4634 sunt,
493 4552 586 4619 facile
615 4552 760 4646 singulae
790 4575 831 4621 ex
855 4555 1021 4620 oculorum
1045 4549 1168 4637 judicio
1192 4547 1329 4614 inveniri
1351 4571 1428 4638 pos·
