<?xml version="1.0" encoding="UTF-8"?>
<!DOCTYPE html PUBLIC "-//W3C//DTD XHTML 1.0 Transitional//EN"
    "http://www.w3.org/TR/xhtml1/DTD/xhtml1-transitional.dtd">
<html xmlns="http://www.w3.org/1999/xhtml" xml:lang="en" lang="en">
 <head>
  <title>
</title>
<meta http-equiv="Content-Type" content="text/html;charset=utf-8" />
  <meta name='ocr-system' content='tesseract 3.04.00' />
  <meta name='ocr-capabilities' content='ocr_page ocr_carea ocr_par ocr_line ocrx_word'/>
</head>
<body>
  <div class='ocr_page' id='page_1' title='image "./logarithmorumvi01bremgoog_0050.png"; bbox 0 0 3140 4998; ppageno 0'>
   <div class='ocr_carea' id='block_1_1' title="bbox 237 226 967 286">
    <p class='ocr_par' dir='ltr' id='par_1_1' title="bbox 237 226 967 286">
     <span class='ocr_line' id='line_1_1' title="bbox 237 226 967 286; baseline 0.005 -4"><span class='ocrx_word' id='word_1_1' title='bbox 237 226 277 282; x_wconf 71' lang='lat' dir='ltr'>bb</span> <span class='ocrx_word' id='word_1_2' title='bbox 722 229 967 286; x_wconf 69' lang='lat' dir='ltr'>turnouoorto</span> 
     </span>
    </p>
   </div>
   <div class='ocr_carea' id='block_1_2' title="bbox 241 349 1472 603">
    <p class='ocr_par' dir='ltr' id='par_1_2' title="bbox 241 349 1472 603">
     <span class='ocr_line' id='line_1_2' title="bbox 242 349 1472 489; baseline 0.003 -25"><span class='ocrx_word' id='word_1_3' title='bbox 242 399 299 484; x_wconf 92' lang='lat' dir='ltr'>qui</span> <span class='ocrx_word' id='word_1_4' title='bbox 321 419 393 464; x_wconf 87' lang='lat' dir='ltr'>esse</span> <span class='ocrx_word' id='word_1_5' title='bbox 414 409 563 488; x_wconf 90' lang='lat' dir='ltr'>possunt,</span> <span class='ocrx_word' id='word_1_6' title='bbox 591 399 752 465; x_wconf 88' lang='lat' dir='ltr'>erroribus</span> <span class='ocrx_word' id='word_1_7' title='bbox 781 409 1008 489; x_wconf 82' lang='lat' dir='ltr'>computatum,</span> <span class='ocrx_word' id='word_1_8' title='bbox 1036 349 1122 486; x_wconf 54' lang='lat' dir='ltr'>siqui</span> <span class='ocrx_word' id='word_1_9' title='bbox 1148 403 1275 469; x_wconf 79' lang='lat' dir='ltr'>ratione</span> <span class='ocrx_word' id='word_1_10' title='bbox 1305 423 1377 470; x_wconf 91' lang='lat' dir='ltr'>non</span> <span class='ocrx_word' id='word_1_11' title='bbox 1403 402 1472 468; x_wconf 80' lang='lat' dir='ltr'>lra-</span> 
     </span>
     <span class='ocr_line' id='line_1_3' title="bbox 241 510 1468 603; baseline 0.004 -27"><span class='ocrx_word' id='word_1_12' title='bbox 241 511 317 576; x_wconf 79' lang='lat' dir='ltr'>bita</span> <span class='ocrx_word' id='word_1_13' title='bbox 368 511 483 597; x_wconf 86' lang='lat' dir='ltr'>ltaque</span> <span class='ocrx_word' id='word_1_14' title='bbox 510 533 584 577; x_wconf 79' lang='lat' dir='ltr'>esim</span> <span class='ocrx_word' id='word_1_15' title='bbox 614 510 761 589; x_wconf 77' lang='lat' dir='ltr'>habebis,</span> <span class='ocrx_word' id='word_1_16' title='bbox 795 515 991 579; x_wconf 83' lang='lat' dir='ltr'>sierrorern</span> <span class='ocrx_word' id='word_1_17' title='bbox 1020 517 1171 598; x_wconf 52' lang='grc' dir='ltr'>(ει-27η»)</span> <span class='ocrx_word' id='word_1_18' title='bbox 1197 539 1272 581; x_wconf 91' lang='lat' dir='ltr'>cum</span> <span class='ocrx_word' id='word_1_19' title='bbox 1304 515 1468 603; x_wconf 84' lang='lat' dir='ltr'>ejusdem</span> 
     </span>
    </p>
   </div>
   <div class='ocr_carea' id='block_1_3' title="bbox 238 625 476 794">
    <p class='ocr_par' dir='ltr' id='par_1_3' title="bbox 238 625 476 794">
     <span class='ocr_line' id='line_1_4' title="bbox 238 625 465 711; baseline -0.018 -19"><span class='ocrx_word' id='word_1_20' title='bbox 238 625 465 711; x_wconf 68' lang='lat' dir='ltr'>probabilitate</span> 
     </span>
     <span class='ocr_line' id='line_1_5' title="bbox 464 747 476 794; baseline 0 0"><span class='ocrx_word' id='word_1_21' title='bbox 464 747 476 794; x_wconf 90' lang='lat'>1</span> 
     </span>
    </p>
   </div>
   <div class='ocr_carea' id='block_1_4' title="bbox 662 754 1373 908">
    <p class='ocr_par' dir='ltr' id='par_1_4' title="bbox 662 754 1373 908">
     <span class='ocr_line' id='line_1_6' title="bbox 662 754 1373 908; baseline 0.006 -45"><span class='ocrx_word' id='word_1_22' title='bbox 662 754 1373 908; x_wconf 51' lang='lat' dir='ltr'>mv·¹-um-s,a›·³·¹÷2‹m-aar‘¹····}</span> 
     </span>
    </p>
   </div>
   <div class='ocr_carea' id='block_1_5' title="bbox 240 837 1553 1156">
    <p class='ocr_par' dir='ltr' id='par_1_5' title="bbox 240 837 1553 1156">
     <span class='ocr_line' id='line_1_7' title="bbox 308 838 520 894; baseline -0.007 0"><span class='ocrx_word' id='word_1_23' title='bbox 308 847 345 894; x_wconf 76' lang='lat' dir='ltr'>ta</span> <span class='ocrx_word' id='word_1_24' title='bbox 361 845 424 894; x_wconf 81' lang='lat' dir='ltr'>u-l</span> <span class='ocrx_word' id='word_1_25' title='bbox 440 838 477 892; x_wconf 81' lang='lat' dir='ltr'>ta</span> <span class='ocrx_word' id='word_1_26' title='bbox 495 855 520 892; x_wconf 90' lang='grc' dir='ltr'><em>α</em></span> 
     </span>
     <span class='ocr_line' id='line_1_8' title="bbox 240 837 1461 1029; baseline 0.006 -25"><span class='ocrx_word' id='word_1_27' title='bbox 240 837 505 1026; x_wconf 67' lang='lat' dir='ltr'>multipliceieris</span> <span class='ocrx_word' id='word_1_28' title='bbox 522 887 559 1002; x_wconf 83' lang='lat' dir='ltr'>¹et</span> <span class='ocrx_word' id='word_1_29' title='bbox 580 857 728 1027; x_wconf 53' lang='lat' dir='ltr'>ppoduofi</span> <span class='ocrx_word' id='word_1_30' title='bbox 749 943 915 1029; x_wconf 79' lang='lat' dir='ltr'>integrale,</span> <span class='ocrx_word' id='word_1_31' title='bbox 937 941 1021 1008; x_wconf 83' lang='lat' dir='ltr'>intra</span> <span class='ocrx_word' id='word_1_32' title='bbox 1041 943 1160 1010; x_wconf 88' lang='lat' dir='ltr'>tinesO</span> <span class='ocrx_word' id='word_1_33' title='bbox 1183 953 1215 1008; x_wconf 91' lang='lat' dir='ltr'>et</span> <span class='ocrx_word' id='word_1_34' title='bbox 1237 943 1274 1026; x_wconf 58' lang='lat' dir='ltr'>{s</span> <span class='ocrx_word' id='word_1_35' title='bbox 1296 953 1461 1022; x_wconf 86' lang='lat' dir='ltr'>sumtum,</span> 
     </span>
     <span class='ocr_line' id='line_1_9' title="bbox 241 1047 1553 1156; baseline 0.006 -40"><span class='ocrx_word' id='word_1_36' title='bbox 241 1049 469 1138; x_wconf 86' lang='lat' dir='ltr'>duplicaveris.</span> <span class='ocrx_word' id='word_1_37' title='bbox 513 1047 585 1118; x_wconf 89' lang='lat' dir='ltr'>Hac</span> <span class='ocrx_word' id='word_1_38' title='bbox 607 1053 821 1138; x_wconf 78' lang='lat' dir='ltr'>integratione</span> <span class='ocrx_word' id='word_1_39' title='bbox 842 1055 894 1120; x_wconf 92' lang='lat' dir='ltr'>vel</span> <span class='ocrx_word' id='word_1_40' title='bbox 922 1055 1043 1122; x_wconf 90' lang='lat' dir='ltr'>directe</span> <span class='ocrx_word' id='word_1_41' title='bbox 1064 1055 1117 1120; x_wconf 90' lang='lat' dir='ltr'>vel</span> <span class='ocrx_word' id='word_1_42' title='bbox 1139 1057 1231 1120; x_wconf 91' lang='lat' dir='ltr'>utin</span> <span class='ocrx_word' id='word_1_43' title='bbox 1254 1058 1280 1139; x_wconf 64' lang='lat' dir='ltr'>t.</span> <span class='ocrx_word' id='word_1_44' title='bbox 1304 1060 1325 1122; x_wconf 83' lang='lat'><strong>5</strong></span> <span class='ocrx_word' id='word_1_45' title='bbox 1352 1058 1459 1135; x_wconf 81' lang='lat' dir='ltr'>facta,</span> <span class='ocrx_word' id='word_1_46' title='bbox 1552 1151 1553 1156; x_wconf 8' lang='grc' dir='ltr'>γ</span> 
     </span>
    </p>
   </div>
   <div class='ocr_carea' id='block_1_6' title="bbox 238 1495 1451 1932">
    <p class='ocr_par' dir='ltr' id='par_1_6' title="bbox 238 1495 1451 1932">
     <span class='ocr_line' id='line_1_10' title="bbox 239 1495 1451 1588; baseline 0.007 -29"><span class='ocrx_word' id='word_1_47' title='bbox 239 1495 274 1560; x_wconf 92' lang='lat' dir='ltr'>in</span> <span class='ocrx_word' id='word_1_48' title='bbox 298 1517 364 1582; x_wconf 85' lang='lat' dir='ltr'>qua</span> <span class='ocrx_word' id='word_1_49' title='bbox 385 1497 527 1564; x_wconf 80' lang='lat' dir='ltr'>t&#39;orrnula</span> <span class='ocrx_word' id='word_1_50' title='bbox 548 1521 607 1566; x_wconf 86' lang='lat' dir='ltr'>eae</span> <span class='ocrx_word' id='word_1_51' title='bbox 629 1500 820 1586; x_wconf 82' lang='lat' dir='ltr'>dignitatum</span> <span class='ocrx_word' id='word_1_52' title='bbox 843 1523 987 1567; x_wconf 84' lang='lat' dir='ltr'>summae</span> <span class='ocrx_word' id='word_1_53' title='bbox 1010 1501 1180 1588; x_wconf 82' lang='lat' dir='ltr'>eligendae</span> <span class='ocrx_word' id='word_1_54' title='bbox 1201 1511 1287 1580; x_wconf 87' lang='lat' dir='ltr'>sunt,</span> <span class='ocrx_word' id='word_1_55' title='bbox 1309 1524 1451 1588; x_wconf 84' lang='lat' dir='ltr'>quarum</span> 
     </span>
     <span class='ocr_line' id='line_1_11' title="bbox 239 1606 1449 1702; baseline 0.007 -30"><span class='ocrx_word' id='word_1_56' title='bbox 239 1606 397 1693; x_wconf 83' lang='lat' dir='ltr'>dignandi</span> <span class='ocrx_word' id='word_1_57' title='bbox 426 1621 500 1676; x_wconf 89' lang='lat' dir='ltr'>sunt</span> <span class='ocrx_word' id='word_1_58' title='bbox 526 1613 667 1700; x_wconf 79' lang='lat' dir='ltr'>positivi.</span> <span class='ocrx_word' id='word_1_59' title='bbox 714 1611 751 1678; x_wconf 91' lang='lat' dir='ltr'>Si</span> <span class='ocrx_word' id='word_1_60' title='bbox 779 1615 961 1702; x_wconf 81' lang='lat' dir='ltr'>exemplum</span> <span class='ocrx_word' id='word_1_61' title='bbox 988 1615 1075 1678; x_wconf 91' lang='lat' dir='ltr'>idem</span> <span class='ocrx_word' id='word_1_62' title='bbox 1102 1625 1151 1682; x_wconf 89' lang='lat' dir='ltr'>est</span> <span class='ocrx_word' id='word_1_63' title='bbox 1178 1625 1275 1700; x_wconf 85' lang='lat' dir='ltr'>atque</span> <span class='ocrx_word' id='word_1_64' title='bbox 1301 1617 1336 1679; x_wconf 92' lang='lat' dir='ltr'>in</span> <span class='ocrx_word' id='word_1_65' title='bbox 1362 1617 1390 1696; x_wconf 64' lang='lat' dir='ltr'>t.</span> <span class='ocrx_word' id='word_1_66' title='bbox 1415 1619 1449 1692; x_wconf 86' lang='grc'>6,</span> 
     </span>
     <span class='ocr_line' id='line_1_12' title="bbox 238 1720 1448 1812; baseline 0.005 -26"><span class='ocrx_word' id='word_1_67' title='bbox 238 1720 418 1786; x_wconf 86' lang='lat' dir='ltr'>secundum</span> <span class='ocrx_word' id='word_1_68' title='bbox 445 1724 529 1790; x_wconf 90' lang='lat' dir='ltr'>hanc</span> <span class='ocrx_word' id='word_1_69' title='bbox 556 1725 726 1791; x_wconf 83' lang='lat' dir='ltr'>formulam</span> <span class='ocrx_word' id='word_1_70' title='bbox 756 1750 897 1794; x_wconf 88' lang='lat' dir='ltr'>errorem</span> <span class='ocrx_word' id='word_1_71' title='bbox 925 1728 1066 1795; x_wconf 91' lang='lat' dir='ltr'>medium</span> <span class='ocrx_word' id='word_1_72' title='bbox 1089 1728 1224 1792; x_wconf 89' lang='lat' dir='ltr'>habebis</span> <span class='ocrx_word' id='word_1_73' title='bbox 1244 1730 1448 1812; x_wconf 76' lang='lat'>=1,03266,</span> 
     </span>
     <span class='ocr_line' id='line_1_13' title="bbox 238 1835 1275 1932; baseline 0.006 -34"><span class='ocrx_word' id='word_1_74' title='bbox 238 1855 329 1900; x_wconf 88' lang='lat' dir='ltr'>error</span> <span class='ocrx_word' id='word_1_75' title='bbox 352 1835 530 1924; x_wconf 88' lang='lat' dir='ltr'>probabilis</span> <span class='ocrx_word' id='word_1_76' title='bbox 553 1847 660 1904; x_wconf 87' lang='lat' dir='ltr'>autem</span> <span class='ocrx_word' id='word_1_77' title='bbox 682 1840 843 1905; x_wconf 89' lang='lat' dir='ltr'>invenitur</span> <span class='ocrx_word' id='word_1_78' title='bbox 865 1842 975 1932; x_wconf 89' lang='lat' dir='ltr'>paullo</span> <span class='ocrx_word' id='word_1_79' title='bbox 997 1841 1103 1906; x_wconf 90' lang='lat' dir='ltr'>minor</span> <span class='ocrx_word' id='word_1_80' title='bbox 1125 1863 1221 1927; x_wconf 87' lang='lat' dir='ltr'>quam</span> <span class='ocrx_word' id='word_1_81' title='bbox 1246 1844 1275 1906; x_wconf 92' lang='lat'>1.</span> 
     </span>
    </p>
   </div>
   <div class='ocr_carea' id='block_1_7' title="bbox 797 2066 878 2146">
    <p class='ocr_par' dir='ltr' id='par_1_7' title="bbox 797 2066 878 2146">
     <span class='ocr_line' id='line_1_14' title="bbox 797 2066 878 2146; baseline -0.012 -17"><span class='ocrx_word' id='word_1_82' title='bbox 797 2066 823 2146; x_wconf 72' lang='lat' dir='ltr'>s.</span> <span class='ocrx_word' id='word_1_83' title='bbox 848 2067 878 2129; x_wconf 82' lang='lat' dir='ltr'>a.</span> 
     </span>
    </p>
   </div>
   <div class='ocr_carea' id='block_1_8' title="bbox 238 2183 1446 2623">
    <p class='ocr_par' dir='ltr' id='par_1_8' title="bbox 238 2183 1446 2623">
     <span class='ocr_line' id='line_1_15' title="bbox 244 2183 1446 2288; baseline 0.003 -27"><span class='ocrx_word' id='word_1_84' title='bbox 244 2183 251 2190; x_wconf 56' lang='grc'><strong>’</strong></span> <span class='ocrx_word' id='word_1_85' title='bbox 326 2195 401 2262; x_wconf 83' lang='lat' dir='ltr'>Jam</span> <span class='ocrx_word' id='word_1_86' title='bbox 424 2220 465 2262; x_wconf 82' lang='lat' dir='ltr'>ex</span> <span class='ocrx_word' id='word_1_87' title='bbox 487 2201 543 2276; x_wconf 90' lang='lat' dir='ltr'>iis,</span> <span class='ocrx_word' id='word_1_88' title='bbox 572 2221 656 2285; x_wconf 82' lang='lat' dir='ltr'>quae</span> <span class='ocrx_word' id='word_1_89' title='bbox 683 2201 850 2287; x_wconf 87' lang='lat' dir='ltr'>hucusque</span> <span class='ocrx_word' id='word_1_90' title='bbox 873 2201 1116 2288; x_wconf 73' lang='lat' dir='ltr'>proposuimus,</span> <span class='ocrx_word' id='word_1_91' title='bbox 1143 2200 1319 2284; x_wconf 89' lang='lat' dir='ltr'>unicuique</span> <span class='ocrx_word' id='word_1_92' title='bbox 1341 2201 1446 2265; x_wconf 87' lang='lat' dir='ltr'>valori</span> 
     </span>
     <span class='ocr_line' id='line_1_16' title="bbox 238 2309 1446 2401; baseline 0.003 -28"><span class='ocrx_word' id='word_1_93' title='bbox 238 2309 504 2394; x_wconf 82' lang='lat' dir='ltr'>logarithmorum</span> <span class='ocrx_word' id='word_1_94' title='bbox 531 2334 593 2399; x_wconf 87' lang='lat' dir='ltr'>ope</span> <span class='ocrx_word' id='word_1_95' title='bbox 623 2314 755 2378; x_wconf 91' lang='lat' dir='ltr'>invento</span> <span class='ocrx_word' id='word_1_96' title='bbox 782 2314 993 2401; x_wconf 84' lang='lat' dir='ltr'>probabilitas</span> <span class='ocrx_word' id='word_1_97' title='bbox 1021 2313 1147 2377; x_wconf 83' lang='lat' dir='ltr'>definiri</span> <span class='ocrx_word' id='word_1_98' title='bbox 1180 2313 1299 2399; x_wconf 85' lang='lat' dir='ltr'>poterit</span> <span class='ocrx_word' id='word_1_99' title='bbox 1325 2315 1446 2378; x_wconf 89' lang='lat' dir='ltr'>erroris</span> 
     </span>
     <span class='ocr_line' id='line_1_17' title="bbox 240 2421 1444 2513; baseline 0.003 -27"><span class='ocrx_word' id='word_1_100' title='bbox 240 2423 325 2486; x_wconf 88' lang='lat' dir='ltr'>intra</span> <span class='ocrx_word' id='word_1_101' title='bbox 354 2421 514 2506; x_wconf 88' lang='lat' dir='ltr'>quoslibet</span> <span class='ocrx_word' id='word_1_102' title='bbox 540 2426 620 2489; x_wconf 87' lang='lat' dir='ltr'>fines</span> <span class='ocrx_word' id='word_1_103' title='bbox 642 2426 749 2511; x_wconf 88' lang='lat' dir='ltr'>positi.</span> <span class='ocrx_word' id='word_1_104' title='bbox 797 2425 907 2504; x_wconf 84' lang='lat' dir='ltr'>Quum</span> <span class='ocrx_word' id='word_1_105' title='bbox 929 2437 1096 2513; x_wconf 86' lang='lat' dir='ltr'>praeterea</span> <span class='ocrx_word' id='word_1_106' title='bbox 1118 2425 1370 2490; x_wconf 85' lang='lat' dir='ltr'>demonstratum</span> <span class='ocrx_word' id='word_1_107' title='bbox 1393 2427 1444 2503; x_wconf 88' lang='lat' dir='ltr'>sit,</span> 
     </span>
     <span class='ocr_line' id='line_1_18' title="bbox 239 2535 1445 2623; baseline 0.005 -25"><span class='ocrx_word' id='word_1_108' title='bbox 239 2535 401 2620; x_wconf 91' lang='lat' dir='ltr'>quomodo</span> <span class='ocrx_word' id='word_1_109' title='bbox 425 2557 515 2602; x_wconf 89' lang='lat' dir='ltr'>error</span> <span class='ocrx_word' id='word_1_110' title='bbox 536 2536 714 2623; x_wconf 87' lang='lat' dir='ltr'>probabilis</span> <span class='ocrx_word' id='word_1_111' title='bbox 737 2549 768 2603; x_wconf 88' lang='lat' dir='ltr'>et</span> <span class='ocrx_word' id='word_1_112' title='bbox 791 2560 881 2604; x_wconf 87' lang='lat' dir='ltr'>error</span> <span class='ocrx_word' id='word_1_113' title='bbox 903 2539 1028 2603; x_wconf 89' lang='lat' dir='ltr'>medius</span> <span class='ocrx_word' id='word_1_114' title='bbox 1045 2539 1258 2615; x_wconf 82' lang='lat' dir='ltr'>inveniantur,</span> <span class='ocrx_word' id='word_1_115' title='bbox 1281 2539 1445 2622; x_wconf 85' lang='lat' dir='ltr'>quaestio·</span> 
     </span>
    </p>
   </div>
   <div class='ocr_carea' id='block_1_9' title="bbox 239 2647 1555 2727">
    <p class='ocr_par' dir='ltr' id='par_1_9' title="bbox 239 2647 1555 2727">
     <span class='ocr_line' id='line_1_19' title="bbox 239 2647 1555 2727; baseline 0.005 -16"><span class='ocrx_word' id='word_1_116' title='bbox 239 2669 312 2712; x_wconf 92' lang='lat' dir='ltr'>nem</span> <span class='ocrx_word' id='word_1_117' title='bbox 335 2648 473 2716; x_wconf 87' lang='lat' dir='ltr'>solutam</span> <span class='ocrx_word' id='word_1_118' title='bbox 501 2647 660 2714; x_wconf 84' lang='lat' dir='ltr'>dimittere</span> <span class='ocrx_word' id='word_1_119' title='bbox 685 2649 810 2727; x_wconf 85' lang='lat' dir='ltr'>liceret,</span> <span class='ocrx_word' id='word_1_120' title='bbox 837 2652 900 2717; x_wconf 90' lang='lat' dir='ltr'>nisi</span> <span class='ocrx_word' id='word_1_121' title='bbox 928 2651 1101 2716; x_wconf 85' lang='lat' dir='ltr'>difficultas</span> <span class='ocrx_word' id='word_1_122' title='bbox 1128 2661 1213 2716; x_wconf 86' lang='lat' dir='ltr'>esset</span> <span class='ocrx_word' id='word_1_123' title='bbox 1240 2651 1274 2714; x_wconf 90' lang='lat' dir='ltr'>in</span> <span class='ocrx_word' id='word_1_124' title='bbox 1296 2651 1444 2718; x_wconf 78' lang='lat' dir='ltr'>formulis</span> <span class='ocrx_word' id='word_1_125' title='bbox 1554 2659 1555 2670; x_wconf 58' lang='lat'>¹</span> 
     </span>
    </p>
   </div>
   <div class='ocr_carea' id='block_1_10' title="bbox 235 2759 1444 3190">
    <p class='ocr_par' dir='ltr' id='par_1_10' title="bbox 235 2759 1444 3190">
     <span class='ocr_line' id='line_1_20' title="bbox 238 2759 1444 2849; baseline 0.005 -25"><span class='ocrx_word' id='word_1_126' title='bbox 238 2759 447 2840; x_wconf 86' lang='lat' dir='ltr'>adhibendis,</span> <span class='ocrx_word' id='word_1_127' title='bbox 473 2784 569 2849; x_wconf 87' lang='lat' dir='ltr'>quam</span> <span class='ocrx_word' id='word_1_128' title='bbox 592 2783 758 2828; x_wconf 90' lang='lat' dir='ltr'>removere</span> <span class='ocrx_word' id='word_1_129' title='bbox 785 2762 888 2828; x_wconf 91' lang='lat' dir='ltr'>decet.</span> <span class='ocrx_word' id='word_1_130' title='bbox 933 2763 1063 2830; x_wconf 79' lang='lat' dir='ltr'>Accidit</span> <span class='ocrx_word' id='word_1_131' title='bbox 1091 2762 1190 2839; x_wconf 88' lang='lat' dir='ltr'>enim,</span> <span class='ocrx_word' id='word_1_132' title='bbox 1218 2771 1255 2826; x_wconf 90' lang='lat' dir='ltr'>ut</span> <span class='ocrx_word' id='word_1_133' title='bbox 1287 2766 1444 2830; x_wconf 90' lang='lat' dir='ltr'>serierum</span> 
     </span>
     <span class='ocr_line' id='line_1_21' title="bbox 238 2859 1444 2963; baseline 0.003 -25"><span class='ocrx_word' id='word_1_134' title='bbox 238 2871 453 2940; x_wconf 75' lang='lat' dir='ltr'>adhibiturum</span> <span class='ocrx_word' id='word_1_135' title='bbox 475 2875 595 2963; x_wconf 77' lang='lat' dir='ltr'>singuli</span> <span class='ocrx_word' id='word_1_136' title='bbox 618 2877 753 2952; x_wconf 90' lang='lat' dir='ltr'>termini,</span> <span class='ocrx_word' id='word_1_137' title='bbox 777 2877 1036 2962; x_wconf 82' lang='lat' dir='ltr'>quandocunque</span> <span class='ocrx_word' id='word_1_138' title='bbox 1053 2898 1072 2937; x_wconf 85' lang='grc' dir='ltr'>ν</span> <span class='ocrx_word' id='word_1_139' title='bbox 1086 2884 1136 2938; x_wconf 87' lang='lat' dir='ltr'>est</span> <span class='ocrx_word' id='word_1_140' title='bbox 1157 2897 1309 2940; x_wconf 89' lang='lat' dir='ltr'>numerus</span> <span class='ocrx_word' id='word_1_141' title='bbox 1332 2859 1444 2961; x_wconf 85' lang='lat' dir='ltr'>major,</span> 
     </span>
     <span class='ocr_line' id='line_1_22' title="bbox 236 2987 1442 3075; baseline 0.002 -23"><span class='ocrx_word' id='word_1_142' title='bbox 236 2987 384 3052; x_wconf 84' lang='lat' dir='ltr'>maximis</span> <span class='ocrx_word' id='word_1_143' title='bbox 411 2987 591 3055; x_wconf 80' lang='lat' dir='ltr'>efficiantur</span> <span class='ocrx_word' id='word_1_144' title='bbox 618 2990 773 3067; x_wconf 88' lang='lat' dir='ltr'>numeris,</span> <span class='ocrx_word' id='word_1_145' title='bbox 808 2991 864 3075; x_wconf 93' lang='lat' dir='ltr'>qui</span> <span class='ocrx_word' id='word_1_146' title='bbox 892 3013 928 3055; x_wconf 88' lang='lat' dir='ltr'>se</span> <span class='ocrx_word' id='word_1_147' title='bbox 957 2989 1096 3054; x_wconf 90' lang='lat' dir='ltr'>invicem</span> <span class='ocrx_word' id='word_1_148' title='bbox 1124 2987 1244 3065; x_wconf 89' lang='lat' dir='ltr'>delent,</span> <span class='ocrx_word' id='word_1_149' title='bbox 1278 2999 1314 3052; x_wconf 90' lang='lat' dir='ltr'>ut</span> <span class='ocrx_word' id='word_1_150' title='bbox 1341 2990 1442 3056; x_wconf 90' lang='lat' dir='ltr'>multo</span> 
     </span>
     <span class='ocr_line' id='line_1_23' title="bbox 235 3098 1441 3190; baseline 0.003 -26"><span class='ocrx_word' id='word_1_151' title='bbox 235 3098 344 3187; x_wconf 88' lang='lat' dir='ltr'>plures</span> <span class='ocrx_word' id='word_1_152' title='bbox 367 3111 460 3168; x_wconf 89' lang='lat' dir='ltr'>notas</span> <span class='ocrx_word' id='word_1_153' title='bbox 483 3102 655 3168; x_wconf 78' lang='lat' dir='ltr'>decimales</span> <span class='ocrx_word' id='word_1_154' title='bbox 677 3104 712 3166; x_wconf 93' lang='lat' dir='ltr'>in</span> <span class='ocrx_word' id='word_1_155' title='bbox 734 3104 972 3190; x_wconf 90' lang='lat' dir='ltr'>computatione</span> <span class='ocrx_word' id='word_1_156' title='bbox 987 3101 1143 3167; x_wconf 86' lang='lat' dir='ltr'>adbibere</span> <span class='ocrx_word' id='word_1_157' title='bbox 1165 3123 1247 3187; x_wconf 90' lang='lat' dir='ltr'>opus</span> <span class='ocrx_word' id='word_1_158' title='bbox 1270 3103 1321 3181; x_wconf 89' lang='lat' dir='ltr'>sit,</span> <span class='ocrx_word' id='word_1_159' title='bbox 1344 3125 1441 3188; x_wconf 88' lang='lat' dir='ltr'>quam</span> 
     </span>
    </p>
   </div>
   <div class='ocr_carea' id='block_1_11' title="bbox 201 3205 1555 3304">
    <p class='ocr_par' dir='ltr' id='par_1_11' title="bbox 201 3205 1555 3304">
     <span class='ocr_line' id='line_1_24' title="bbox 201 3205 1555 3304; baseline 0.004 -28"><span class='ocrx_word' id='word_1_160' title='bbox 201 3233 205 3240; x_wconf 92' lang='lat'>·</span> <span class='ocrx_word' id='word_1_161' title='bbox 236 3221 316 3297; x_wconf 92' lang='lat' dir='ltr'>quot</span> <span class='ocrx_word' id='word_1_162' title='bbox 337 3207 528 3301; x_wconf 76' lang='lat' dir='ltr'>propositae</span> <span class='ocrx_word' id='word_1_163' title='bbox 543 3213 665 3280; x_wconf 84' lang='lat' dir='ltr'>suerint</span> <span class='ocrx_word' id='word_1_164' title='bbox 691 3217 725 3278; x_wconf 92' lang='lat' dir='ltr'>in</span> <span class='ocrx_word' id='word_1_165' title='bbox 748 3215 857 3280; x_wconf 84' lang='lat' dir='ltr'>valore</span> <span class='ocrx_word' id='word_1_166' title='bbox 885 3205 1111 3302; x_wconf 78' lang='lat' dir='ltr'>computando.</span> <span class='ocrx_word' id='word_1_167' title='bbox 1158 3213 1216 3280; x_wconf 89' lang='lat' dir='ltr'>Sic</span> <span class='ocrx_word' id='word_1_168' title='bbox 1237 3214 1270 3277; x_wconf 91' lang='lat' dir='ltr'>in</span> <span class='ocrx_word' id='word_1_169' title='bbox 1293 3213 1440 3304; x_wconf 87' lang='lat' dir='ltr'>exemplo</span> <span class='ocrx_word' id='word_1_170' title='bbox 1554 3261 1555 3264; x_wconf 56' lang='lat'><em>=</em></span> 
     </span>
    </p>
   </div>
   <div class='ocr_carea' id='block_1_12' title="bbox 235 3324 1440 3413">
    <p class='ocr_par' dir='ltr' id='par_1_12' title="bbox 235 3324 1440 3413">
     <span class='ocr_line' id='line_1_25' title="bbox 235 3324 1440 3413; baseline 0.005 -26"><span class='ocrx_word' id='word_1_171' title='bbox 235 3324 262 3404; x_wconf 65' lang='grc' dir='ltr'>ξ.</span> <span class='ocrx_word' id='word_1_172' title='bbox 286 3327 306 3388; x_wconf 91' lang='grc'><strong>6</strong></span> <span class='ocrx_word' id='word_1_173' title='bbox 329 3324 512 3410; x_wconf 82' lang='lat' dir='ltr'>lugaritbmi</span> <span class='ocrx_word' id='word_1_174' title='bbox 535 3337 607 3392; x_wconf 93' lang='lat' dir='ltr'>octo</span> <span class='ocrx_word' id='word_1_175' title='bbox 631 3327 833 3392; x_wconf 82' lang='lat' dir='ltr'>decimalium</span> <span class='ocrx_word' id='word_1_176' title='bbox 854 3326 1029 3392; x_wconf 89' lang='lat' dir='ltr'>adhibendi</span> <span class='ocrx_word' id='word_1_177' title='bbox 1053 3343 1153 3404; x_wconf 85' lang='lat' dir='ltr'>erant,</span> <span class='ocrx_word' id='word_1_178' title='bbox 1176 3338 1211 3391; x_wconf 91' lang='lat' dir='ltr'>ut</span> <span class='ocrx_word' id='word_1_179' title='bbox 1233 3327 1440 3413; x_wconf 78' lang='lat' dir='ltr'>probabilitas</span> 
     </span>
    </p>
   </div>
   <div class='ocr_carea' id='block_1_13' title="bbox 130 3437 1439 3526">
    <p class='ocr_par' dir='ltr' id='par_1_13' title="bbox 130 3437 1439 3526">
     <span class='ocr_line' id='line_1_26' title="bbox 130 3437 1439 3526; baseline 0.002 -24"><span class='ocrx_word' id='word_1_180' title='bbox 130 3479 132 3485; x_wconf 93' lang='lat'>·</span> <span class='ocrx_word' id='word_1_181' title='bbox 236 3437 278 3502; x_wconf 88' lang='lat' dir='ltr'>ad</span> <span class='ocrx_word' id='word_1_182' title='bbox 301 3447 447 3522; x_wconf 83' lang='lat' dir='ltr'>quartam</span> <span class='ocrx_word' id='word_1_183' title='bbox 469 3460 573 3523; x_wconf 89' lang='lat' dir='ltr'>usque</span> <span class='ocrx_word' id='word_1_184' title='bbox 595 3448 702 3505; x_wconf 88' lang='lat' dir='ltr'>notam</span> <span class='ocrx_word' id='word_1_185' title='bbox 722 3440 910 3505; x_wconf 89' lang='lat' dir='ltr'>decimalem</span> <span class='ocrx_word' id='word_1_186' title='bbox 926 3450 1142 3526; x_wconf 65' lang='lat' dir='ltr'>computatum</span> <span class='ocrx_word' id='word_1_187' title='bbox 1163 3441 1197 3504; x_wconf 91' lang='lat' dir='ltr'>in</span> <span class='ocrx_word' id='word_1_188' title='bbox 1220 3442 1340 3524; x_wconf 86' lang='lat' dir='ltr'>majore</span> <span class='ocrx_word' id='word_1_189' title='bbox 1362 3462 1439 3505; x_wconf 83' lang='lat' dir='ltr'>vero</span> 
     </span>
    </p>
   </div>
   <div class='ocr_carea' id='block_1_14' title="bbox 235 3549 1440 3755">
    <p class='ocr_par' dir='ltr' id='par_1_14' title="bbox 235 3549 1440 3755">
     <span class='ocr_line' id='line_1_27' title="bbox 236 3549 1440 3642; baseline 0.005 -30"><span class='ocrx_word' id='word_1_190' title='bbox 236 3573 256 3612; x_wconf 85' lang='grc' dir='ltr'>ν</span> <span class='ocrx_word' id='word_1_191' title='bbox 278 3549 484 3616; x_wconf 80' lang='lat' dir='ltr'>difficultates</span> <span class='ocrx_word' id='word_1_192' title='bbox 507 3550 588 3617; x_wconf 90' lang='lat' dir='ltr'>adeo</span> <span class='ocrx_word' id='word_1_193' title='bbox 611 3563 780 3638; x_wconf 81' lang='lat' dir='ltr'>augentur,</span> <span class='ocrx_word' id='word_1_194' title='bbox 804 3563 840 3616; x_wconf 89' lang='lat' dir='ltr'>ut</span> <span class='ocrx_word' id='word_1_195' title='bbox 861 3552 1007 3618; x_wconf 88' lang='lat' dir='ltr'>valorum</span> <span class='ocrx_word' id='word_1_196' title='bbox 1031 3556 1239 3642; x_wconf 87' lang='lat' dir='ltr'>computatio,</span> <span class='ocrx_word' id='word_1_197' title='bbox 1260 3554 1287 3618; x_wconf 88' lang='lat' dir='ltr'>si</span> <span class='ocrx_word' id='word_1_198' title='bbox 1305 3556 1440 3618; x_wconf 81' lang='lat' dir='ltr'>v=100</span> 
     </span>
     <span class='ocr_line' id='line_1_28' title="bbox 235 3663 1439 3755; baseline 0.002 -27"><span class='ocrx_word' id='word_1_199' title='bbox 235 3663 351 3744; x_wconf 87' lang='lat' dir='ltr'>sumis,</span> <span class='ocrx_word' id='word_1_200' title='bbox 377 3663 432 3728; x_wconf 87' lang='lat' dir='ltr'>vix</span> <span class='ocrx_word' id='word_1_201' title='bbox 453 3665 575 3732; x_wconf 89' lang='lat' dir='ltr'>institui</span> <span class='ocrx_word' id='word_1_202' title='bbox 598 3668 709 3755; x_wconf 80' lang='lat' dir='ltr'>possit</span> <span class='ocrx_word' id='word_1_203' title='bbox 756 3663 852 3746; x_wconf 83' lang='lat' dir='ltr'>Quae</span> <span class='ocrx_word' id='word_1_204' title='bbox 875 3665 1081 3732; x_wconf 82' lang='lat' dir='ltr'>difficultates</span> <span class='ocrx_word' id='word_1_205' title='bbox 1104 3667 1139 3731; x_wconf 91' lang='lat' dir='ltr'>ut</span> <span class='ocrx_word' id='word_1_206' title='bbox 1162 3668 1330 3748; x_wconf 88' lang='lat' dir='ltr'>evitentur,</span> <span class='ocrx_word' id='word_1_207' title='bbox 1353 3665 1439 3731; x_wconf 92' lang='lat' dir='ltr'>valo·</span> 
     </span>
    </p>
   </div>
   <div class='ocr_carea' id='block_1_15' title="bbox 223 3769 1438 3867">
    <p class='ocr_par' dir='ltr' id='par_1_15' title="bbox 223 3769 1438 3867">
     <span class='ocr_line' id='line_1_29' title="bbox 223 3769 1438 3867; baseline -0.002 -23"><span class='ocrx_word' id='word_1_208' title='bbox 223 3769 307 3844; x_wconf 85' lang='lat' dir='ltr'>¹rum</span> <span class='ocrx_word' id='word_1_209' title='bbox 334 3787 449 3844; x_wconf 80' lang='lat' dir='ltr'>exacta</span> <span class='ocrx_word' id='word_1_210' title='bbox 475 3779 633 3844; x_wconf 79' lang='lat' dir='ltr'>subtilitas</span> <span class='ocrx_word' id='word_1_211' title='bbox 661 3779 770 3865; x_wconf 78' lang='lat' dir='ltr'>aliqua</span> <span class='ocrx_word' id='word_1_212' title='bbox 796 3802 838 3844; x_wconf 85' lang='lat' dir='ltr'>ex</span> <span class='ocrx_word' id='word_1_213' title='bbox 863 3789 955 3867; x_wconf 87' lang='lat' dir='ltr'>parte</span> <span class='ocrx_word' id='word_1_214' title='bbox 983 3779 1160 3846; x_wconf 88' lang='lat' dir='ltr'>omittenda</span> <span class='ocrx_word' id='word_1_215' title='bbox 1187 3789 1219 3844; x_wconf 88' lang='lat' dir='ltr'>et</span> <span class='ocrx_word' id='word_1_216' title='bbox 1247 3779 1289 3844; x_wconf 87' lang='lat' dir='ltr'>ad</span> <span class='ocrx_word' id='word_1_217' title='bbox 1316 3778 1438 3843; x_wconf 81' lang='lat' dir='ltr'>valeres</span> 
     </span>
    </p>
   </div>
   <div class='ocr_carea' id='block_1_16' title="bbox 234 3889 1439 4091">
    <p class='ocr_par' dir='ltr' id='par_1_16' title="bbox 234 3889 1439 4091">
     <span class='ocr_line' id='line_1_30' title="bbox 235 3889 1439 3978; baseline 0.001 -24"><span class='ocrx_word' id='word_1_218' title='bbox 235 3890 495 3978; x_wconf 85' lang='lat' dir='ltr'>adproximantes</span> <span class='ocrx_word' id='word_1_219' title='bbox 523 3891 777 3977; x_wconf 78' lang='lat' dir='ltr'>confrigiendum</span> <span class='ocrx_word' id='word_1_220' title='bbox 806 3901 871 3968; x_wconf 89' lang='lat' dir='ltr'>est,</span> <span class='ocrx_word' id='word_1_221' title='bbox 903 3901 937 3955; x_wconf 94' lang='lat' dir='ltr'>ut</span> <span class='ocrx_word' id='word_1_222' title='bbox 965 3913 1004 3956; x_wconf 88' lang='lat' dir='ltr'>ea</span> <span class='ocrx_word' id='word_1_223' title='bbox 1036 3891 1091 3956; x_wconf 86' lang='lat' dir='ltr'>via</span> <span class='ocrx_word' id='word_1_224' title='bbox 1118 3891 1161 3956; x_wconf 85' lang='lat' dir='ltr'>ad</span> <span class='ocrx_word' id='word_1_225' title='bbox 1188 3891 1345 3978; x_wconf 79' lang='lat' dir='ltr'>integrale</span> <span class='ocrx_word' id='word_1_226' title='bbox 1366 3889 1439 3967; x_wconf 78' lang='lat' dir='ltr'>a·⁸¹,</span> 
     </span>
     <span class='ocr_line' id='line_1_31' title="bbox 234 4002 1439 4091; baseline -0.002 -23"><span class='ocrx_word' id='word_1_227' title='bbox 234 4005 322 4090; x_wconf 92' lang='lat' dir='ltr'>quod</span> <span class='ocrx_word' id='word_1_228' title='bbox 344 4005 513 4091; x_wconf 78' lang='lat' dir='ltr'>permagni</span> <span class='ocrx_word' id='word_1_229' title='bbox 536 4005 689 4070; x_wconf 90' lang='lat' dir='ltr'>momenti</span> <span class='ocrx_word' id='word_1_230' title='bbox 711 4005 816 4067; x_wconf 88' lang='lat' dir='ltr'>estin</span> <span class='ocrx_word' id='word_1_231' title='bbox 838 4002 1117 4086; x_wconf 82' lang='lat' dir='ltr'>disquisitionibus</span> <span class='ocrx_word' id='word_1_232' title='bbox 1146 4004 1188 4068; x_wconf 93' lang='lat' dir='ltr'>de</span> <span class='ocrx_word' id='word_1_233' title='bbox 1209 4003 1439 4091; x_wconf 87' lang='lat' dir='ltr'>probabilitate,</span> 
     </span>
    </p>
   </div>
   <div class='ocr_carea' id='block_1_17' title="bbox 174 4119 471 4204">
    <p class='ocr_par' dir='ltr' id='par_1_17' title="bbox 174 4119 471 4204">
     <span class='ocr_line' id='line_1_32' title="bbox 174 4119 471 4204; baseline -0.003 -23"><span class='ocrx_word' id='word_1_234' title='bbox 174 4125 176 4130; x_wconf 79' lang='grc'><strong>“</strong></span> <span class='ocrx_word' id='word_1_235' title='bbox 234 4119 471 4204; x_wconf 84' lang='lat' dir='ltr'>perveniamus.</span> 
     </span>
    </p>
   </div>
   <div class='ocr_carea' id='block_1_18' title="bbox 798 4291 1426 4432">
    <p class='ocr_par' dir='ltr' id='par_1_18' title="bbox 798 4291 1426 4432">
     <span class='ocr_line' id='line_1_33' title="bbox 798 4291 968 4384; baseline -0.041 -31"><span class='ocrx_word' id='word_1_236' title='bbox 798 4291 824 4370; x_wconf 70' lang='lat' dir='ltr'>s.</span> <span class='ocrx_word' id='word_1_237' title='bbox 848 4296 879 4352; x_wconf 75' lang='lat' dir='ltr'>a,</span> <span class='ocrx_word' id='word_1_238' title='bbox 962 4373 968 4384; x_wconf 32' lang='lat'><strong>·</strong></span> 
     </span>
     <span class='ocr_line' id='line_1_34' title="bbox 1409 4389 1426 4432; baseline 0 0"><span class='ocrx_word' id='word_1_239' title='bbox 1409 4389 1426 4432; x_wconf 62' lang='grc' dir='ltr'>γ</span> 
     </span>
    </p>
   </div>
   <div class='ocr_carea' id='block_1_19' title="bbox 238 4431 1438 4652">
    <p class='ocr_par' dir='ltr' id='par_1_19' title="bbox 238 4431 1438 4652">
     <span class='ocr_line' id='line_1_35' title="bbox 322 4431 1438 4538; baseline -0.008 -19"><span class='ocrx_word' id='word_1_240' title='bbox 322 4453 377 4520; x_wconf 88' lang='lat' dir='ltr'>Ad</span> <span class='ocrx_word' id='word_1_241' title='bbox 399 4476 474 4518; x_wconf 92' lang='lat' dir='ltr'>eum</span> <span class='ocrx_word' id='word_1_242' title='bbox 496 4455 593 4517; x_wconf 88' lang='lat' dir='ltr'>finem</span> <span class='ocrx_word' id='word_1_243' title='bbox 616 4451 729 4516; x_wconf 91' lang='lat' dir='ltr'>redeas</span> <span class='ocrx_word' id='word_1_244' title='bbox 748 4451 791 4517; x_wconf 87' lang='lat' dir='ltr'>ad</span> <span class='ocrx_word' id='word_1_245' title='bbox 806 4452 906 4516; x_wconf 88' lang='lat' dir='ltr'>series</span> <span class='ocrx_word' id='word_1_246' title='bbox 923 4451 982 4532; x_wconf 76' lang='lat'>§.4</span> <span class='ocrx_word' id='word_1_247' title='bbox 1005 4461 1036 4516; x_wconf 87' lang='lat' dir='ltr'>et</span> <span class='ocrx_word' id='word_1_248' title='bbox 1053 4471 1155 4538; x_wconf 87' lang='lat' dir='ltr'>ponas</span> <span class='ocrx_word' id='word_1_249' title='bbox 1177 4431 1291 4516; x_wconf 62' lang='lat' dir='ltr'>wis-¹</span> <span class='ocrx_word' id='word_1_250' title='bbox 1316 4473 1376 4538; x_wconf 84' lang='lat' dir='ltr'>pro</span> <span class='ocrx_word' id='word_1_251' title='bbox 1389 4439 1438 4528; x_wconf 60' lang='grc' dir='ltr'>εἶ,</span> 
     </span>
     <span class='ocr_line' id='line_1_36' title="bbox 238 4563 1019 4652; baseline -0.005 -19"><span class='ocrx_word' id='word_1_252' title='bbox 238 4583 315 4651; x_wconf 89' lang='lat' dir='ltr'>quo,</span> <span class='ocrx_word' id='word_1_253' title='bbox 336 4568 364 4631; x_wconf 86' lang='lat' dir='ltr'>si</span> <span class='ocrx_word' id='word_1_254' title='bbox 386 4570 480 4652; x_wconf 77' lang='lat' dir='ltr'>ipro</span> <span class='ocrx_word' id='word_1_255' title='bbox 504 4563 576 4645; x_wconf 74' lang='lat' dir='ltr'>V·l</span> <span class='ocrx_word' id='word_1_256' title='bbox 603 4563 763 4641; x_wconf 81' lang='lat' dir='ltr'>scribitur,</span> <span class='ocrx_word' id='word_1_257' title='bbox 785 4571 948 4628; x_wconf 85' lang='lat' dir='ltr'>mutantur</span> <span class='ocrx_word' id='word_1_258' title='bbox 969 4565 1019 4630; x_wconf 72' lang='lat' dir='ltr'>int</span> 
     </span>
    </p>
   </div>
   <div class='ocr_carea' id='block_1_20' title="bbox 0 0 1574 4998">
    <p class='ocr_par' dir='ltr' id='par_1_20' title="bbox 0 0 1574 4998">
     <span class='ocr_line' id='line_1_37' title="bbox 0 0 1574 4998; baseline 0 2"><span class='ocrx_word' id='word_1_259' title='bbox 0 0 1574 4998; x_wconf 95' lang='lat' dir='ltr'> </span> 
     </span>
    </p>
   </div>
  </div>
 </body>
</html>
