3140 4998
620 191 839 288 ¹nninnrro.
1313 226 1349 287 ra

144 393 303 462 ferentiae
331 394 539 484 respondeat.
584 397 701 484 Neque
729 394 834 462 minus
864 389 1084 458 necessarium
1111 389 1281 456 ridebatur
1302 398 1352 456 ta·

144 507 240 576 bellis
269 507 319 573 his
348 518 458 595 partes
487 509 749 597 proportionales
779 529 873 594 quam
905 503 1160 572 accuratissimos
1193 501 1350 582 exhiberi,

145 623 277 688 ultimae
300 631 397 688 notae
422 622 587 688 decimalis
611 621 789 688 subtilitate
811 617 896 684 haud
919 625 1108 704 aspernata,
1138 638 1235 702 quum
1258 615 1351 682 aliter

122 735 356 838 *complurium
379 757 582 802 numerorum
613 733 825 800 summatione
855 731 972 817 plenae
1002 728 1133 794 unitatis
1165 728 1275 794 vitium
1298 728 1353 794 vel

146 849 248 934 majus
270 847 304 912 in
327 848 437 914 ultima
453 859 530 914 nota
546 847 694 914 decimali
711 846 837 912 evadat.
886 842 983 908 Aliud
1005 840 1272 928 impedimentum
1287 841 1352 905 cal·
1443 857 1451 874 ’

148 960 222 1039 culi,
246 982 308 1047 quo
321 960 468 1027 laborant
491 969 619 1048 septem
631 959 835 1026 decimalium
858 956 986 1022 tabulae
1001 955 1100 1020 etiam
1113 941 1351 1038 Babbagianae,

148 1082 211 1153 est,
235 1073 385 1159 quodne
409 1074 557 1140 omnibus
581 1073 712 1161 quidem
735 1069 925 1137 differentiis
946 1067 1186 1154 respondentes
1215 1066 1353 1132 tabellas

104 1196 106 1200 '
147 1185 181 1250 in
202 1207 391 1274 unaquaque
415 1187 532 1274 pagina
555 1185 730 1273 appositae
755 1192 840 1263 sunt,
862 1181 989 1248 etiamsi
1013 1180 1149 1268 spatium
1166 1171 1352 1266 suppedita-

146 1295 214 1377 bat,
237 1298 283 1364 ita
305 1308 341 1364 ut
364 1300 491 1386 saepius
515 1298 720 1364 differentiae
743 1295 947 1383 respondens
969 1292 1089 1359 tabella
1111 1293 1145 1358 in
1161 1293 1222 1358 alia
1236 1293 1354 1380 pagina

147 1411 335 1496 quaerenda
358 1412 409 1477 sit.
457 1411 549 1478 Quae
576 1411 639 1477 duo
664 1409 742 1476 vitia
765 1407 920 1486 efficiunt,
944 1417 979 1472 ut
1002 1405 1053 1471 his
1076 1405 1204 1472 tabellis
1220 1406 1351 1472 omnino

147 1545 214 1589 non
238 1523 389 1590 adhibitis
413 1525 453 1589 ad
476 1525 539 1590 alia
562 1525 676 1591 auxilia
699 1519 947 1611 pmfugiendum
979 1517 1020 1584 sit
1051 1517 1221 1605 septimam
1243 1527 1353 1584 notam

148 1634 339 1701 decimalem
363 1645 513 1702 accurate
538 1636 740 1702 exhibituris.

239 1771 336 1838 Quod
365 1771 553 1859 plemmque
589 1783 717 1860 septem
749 1771 953 1836 decimalium
982 1767 1110 1834 tabulae
1140 1767 1237 1832 etiam
1266 1767 1354 1853 loga·

149 1882 284 1948 rithmos
314 1907 518 1950 numerorum
547 1885 719 1950 terminum
753 1883 883 1952 100000
914 1881 1148 1967 egredientium
1173 1879 1353 1959 continent,

31 2003 35 2011 '
79 2031 83 2040 ·
149 2017 222 2060 eam
251 1995 294 2059 ob
324 2017 454 2062 causam
480 1997 600 2062 lactum
630 2007 700 2076 est,
730 2007 766 2062 ut
795 1995 1001 2081 interpolatio
1031 1993 1155 2059 facilior
1190 1992 1353 2058 reddatur.

148 2105 240 2172 Haec
263 2130 342 2172 vero
366 2131 425 2173 sex
449 2108 652 2173 decimalium
680 2108 806 2187 tabula,
836 2107 869 2170 in
899 2129 961 2192 qua
988 2106 1029 2171 ab
1058 2105 1149 2170 initio
1179 2105 1354 2190 interpola-

148 2219 257 2284 tiones
273 2241 375 2306 aeque
393 2219 567 2306 expeditae
585 2215 619 2284 bt
634 2220 748 2285 faciles
765 2231 849 2299 sunt,
869 2242 908 2285 ea
923 2218 1171 2304 amplificatione
1183 2239 1249 2282 non
1266 2225 1352 2302 eget.

238 2423 269 2490 2.
314 2422 586 2488 Functionum
621 2421 1048 2508 trigonometricarum
1083 2419 1248 2486 tabulae
1279 2441 1352 2506 pars

77 2601 81 2610 ,
148 2533 235 2619 prior
258 2534 407 2600 continet
429 2534 569 2622 quinque
592 2535 746 2622 graduum
768 2536 909 2622 priomm
930 2535 995 2620 log.
1021 2534 1089 2600 Sin.
1113 2543 1148 2599 et
1169 2533 1234 2618 log.
1250 2533 1353 2618 Tang.

101 2629 103 2634 ’
148 2666 208 2732 pro
232 2645 365 2732 singulis
388 2647 519 2713 minutis
543 2647 706 2730 secundis,
730 2659 764 2714 et
786 2649 916 2735 quidem
931 2641 1138 2734 logarithmoa¹
1154 2645 1281 2731 integre
1297 2659 1354 2710 ex*-

149 2779 282 2844 pressos
298 2782 407 2846 usque
432 2761 472 2824 ad
494 2761 651 2828 minutum
673 2761 809 2848 primum
832 2761 886 2840 20,
911 2761 951 2826 ab
975 2781 1016 2826 eo
1038 2759 1115 2824 inde
1139 2769 1246 2824 autem
1268 2757 1355 2844 prio·

148 2891 203 2936 res
227 2871 308 2936 duae
339 2883 437 2938 notae
469 2874 644 2940 decimales
673 2897 736 2940 una
759 2897 831 2940 cum
854 2871 1112 2939 characteristica
1133 2870 1166 2935 in
1181 2870 1283 2957 prima
1299 2892 1354 2936 co·

148 2981 257 3048 lumna
279 2986 406 3070 positae
429 2997 514 3064 sunt,
538 3009 620 3072 quae
645 2997 824 3054 ceterarum
848 2987 1065 3052 columnarum
1082 2984 1169 3050 notis
1185 2984 1354 3050 addendae

150 3104 225 3160 sunt
255 3096 350 3164 sicuti
380 3097 412 3162 in
441 3097 543 3184 prima
571 3098 666 3183 hujus
696 3099 825 3165 tabulae
848 3107 951 3185 parte.
998 3098 1052 3162 Sic
1074 3081 1149 3163 fieri
1168 3097 1289 3184 potuit,
1317 3107 1355 3164 ut

150 3207 229 3274 ordo
253 3209 440 3295 paginamm
467 3210 587 3297 ubique.
614 3212 657 3276 sit
686 3212 827 3298 aequalis
856 3223 891 3278 et
920 3233 1112 3296 congruens.
1157 3211 1355 3296 Argumenta

149 3320 236 3386 enim
259 3321 292 3386 in
315 3311 464 3388 omnibus
487 3323 614 3410 paginis
638 3346 656 3387 a
679 3323 806 3390 sinistra
828 3335 920 3412 parte
941 3323 982 3388 ad
1004 3323 1212 3409 legarithmos
1229 3324 1354 3392 sinuum

149 3455 169 3496 a
191 3433 307 3499 dextra
327 3445 420 3522 parte
445 3434 485 3499 ad
508 3435 716 3521 logarithmos
745 3437 947 3524 tangentium
975 3435 1189 3503 inveniendos
1218 3437 1355 3524 primum
1408 3427 1410 3432 Α

148 3544 284 3630 integris
306 3547 500 3612 minutorum
523 3548 694 3632 primomm
719 3549 895 3616 decadibus
912 3549 1031 3616 deinde
1055 3551 1088 3614 in
1100 3550 1242 3638 margine
1259 3550 1353 3617 denis

148 3657 281 3722 minutis
304 3660 472 3739 secundis,
504 3661 643 3748 denique
675 3663 707 3726 in
736 3663 860 3729 vertice
890 3672 926 3727 et
948 3664 1037 3728 calce
1059 3663 1197 3750 paginae
1221 3665 1354 3752 singulis

149 3770 280 3838 minutis
304 3771 454 3837 secundis
476 3774 734 3859 progrediuntur.
780 3776 993 3844 Lineamenta
1021 3797 1100 3842 vero
1129 3777 1222 3842 aliter
1245 3777 1355 3864 dispo·

149 3893 267 3949 nentur
289 3894 385 3972 atque
408 3887 443 3950 in
465 3885 573 3951 tabula
594 3885 618 3952 l.
643 3910 781 3953 necesse
805 3889 881 3969 luit3
905 3899 1075 3976 praeterea
1097 3890 1277 3956 columnam
1300 3891 1356 3955 ad·

151 3997 229 4064 dere
253 3999 471 4064 necessarium
493 3998 678 4079 videbatur,
706 4002 756 4068 oui
780 4001 1030 4090 suprascriptum
1060 4011 1112 4067 est
1138 3996 1193 4069 10”
1215 4011 1249 4068 et
1272 4017 1369 4091 quae¹

150 4132 217 4175 non
254 4109 334 4175 alios
369 4112 495 4178 valeres
534 4113 699 4192 continet,
729 4138 823 4201 quam
852 4117 1002 4183 columna
1029 4110 1077 4182 0”.
1129 4116 1240 4203 ltaque
1270 4139 1356 4204 sym·

150 4224 264 4289 metria
288 4233 340 4290 est
361 4225 445 4304 talis,
470 4236 507 4292 ut
529 4226 562 4291 in
585 4227 709 4294 vertice
734 4237 769 4293 et
792 4231 881 4296 calce
905 4230 1027 4297 minute
1050 4229 1192 4296 secunda
1207 4231 1238 4311 0,
1266 4235 1297 4310 1,
1321 4232 1354 4312 2,

151 4335 171 4402 3
195 4359 214 4402 a
235 4336 350 4403 mediis
371 4336 403 4417 4,
428 4338 458 4420 5,
483 4336 504 4404 6
529 4339 667 4407 ethaeo
690 4364 710 4405 a
733 4341 968 4428 posterioribus
993 4345 1023 4420 7,
1047 4343 1079 4423 8,
1104 4342 1136 4424 9,
1162 4343 1294 4412 toanis
1316 4345 1356 4411 li·

150 4449 332 4520 neamentis
355 4461 525 4538 segregata
546 4453 621 4534 sint,
644 4465 742 4542 atque
758 4465 794 4521 ut
815 4456 849 4522 in
865 4457 1061 4542 argumentis
1075 4457 1129 4522 vel
1142 4457 1355 4546 progredien-

150 4559 237 4628 tibus
260 4563 312 4630 vel
334 4565 592 4652 regredientibus
608 4567 772 4656 integrum
785 4569 1034 4660 unumquodque
1046 4568 1202 4638 minutum
1218 4569 1355 4661 primum
