3140 4998
642 208 839 282 ruminio.
882 285 887 300 Ι
961 149 973 172 ⁹
1308 201 1339 262 rr

143 371 225 442 meri
248 381 284 442 et
304 371 390 442 iuter
412 393 451 440 se
473 378 509 438 et
529 372 551 436 ι’
569 369 666 436 lineis
687 369 775 438 hene
797 369 940 448 ment,
964 368 1096 456 insuper
1124 365 1345 436 missilia&
1375 401 1377 408 ,

144 488 301 556 linem
322 485 644 574 admumquererum
668 505 750 572 quae
774 482 814 548 ad
829 480 957 552 facilem
971 479 1148 550 lectionem
1160 480 1345 560 centenus,

142 600 224 670 sotio
246 599 413 667 habeatur.

232 730 390 810 Tertium,
414 749 477 815 quo
499 749 649 814 magnam
671 725 792 794 laboris
813 732 938 812 partem
961 723 994 788 in
1016 745 1077 790 usu
1094 722 1225 789 tabulae
1246 719 1345 789 mmai
1448 725 1454 738 ”

146 841 322 920 contendo,
345 839 486 928 positum
514 848 567 904 est
596 848 630 904 et
658 837 828 905 inordina
855 836 1039 924 paginarum
1062 835 1245 922 aequaliet
1266 855 1346 902 oon·

143 953 272 1042 gruenti
302 962 337 1018 et
365 952 400 1018 in
428 951 564 1017 limitum
587 959 774 1038 systemate,
797 971 860 1036 quo
884 949 1041 1036 quaedam
1062 949 1168 1014 lineae
1191 957 1227 1014 et
1247 969 1346 1034 quae·

144 1067 218 1132 dam
240 1085 508 1151 numerorumque
532 1065 701 1132 columnae
725 1063 833 1130 statim
856 1070 932 1128 ante
947 1061 1060 1128 oculos
1075 1068 1244 1147 ponantur.
1271 1059 1347 1128 Hoo

143 1179 178 1248 in
201 1177 331 1246 tabulae
355 1176 424 1244 aliis
446 1175 591 1264 partibus
614 1175 676 1242 alio
698 1175 797 1242 modo
821 1172 1041 1263 appetendum
1064 1181 1150 1251 erat,
1173 1171 1262 1260 quod
1277 1170 1348 1263 qui·

78 1353 82 1360 .
144 1291 220 1360 dem
239 1291 305 1376 jam
328 1289 362 1355 in
385 1287 519 1376 singulis
542 1288 722 1356 ostendam.

234 1426 320 1494 'l'ota
344 1425 430 1495 enim
453 1424 561 1497 tabula
582 1423 616 1495 in
640 1425 703 1496 duo
728 1421 834 1517 capita
857 1419 960 1491 divisa
982 1429 1045 1508 est,
1069 1441 1151 1513 quae
1167 1418 1260 1490 binas
1275 1441 1347 1513 par·

142 1548 194 1610 tes
217 1540 492 1633 complectuntur:

235 1727 264 1792 l.
310 1725 667 1813 Logarithmorum
700 1723 927 1810 vulgarium
959 1720 1097 1788 tabula
1130 1719 1164 1786 in
1199 1727 1351 1807 quaram

142 1825 305 1930 prioribus
333 1838 459 1926 paginis
488 1838 635 1906 continet
664 1836 873 1924 logarithmos
900 1855 1106 1902 numerorum
1135 1833 1149 1902 1
1176 1829 1347 1921 usquead

147 1949 246 2030 1000,
268 1950 302 2016 in
326 1950 538 2038 sequentibus
559 1949 685 2038 paginis
710 1948 919 2034 logarithmos
942 1968 1146 2014 numerorum
1172 1945 1280 2014 10000
1293 1969 1350 2016 ras·

145 2085 209 2149 que
232 2063 273 2128 ad
301 2061 441 2130 100000.
472 2063 587 2149 'Hujus
599 2062 701 2148 partis
715 2059 939 2128 oeconomiam
954 2057 1048 2136 aliem
1063 2081 1137 2126 esse
1152 2057 1239 2124 uolui
1254 2079 1350 2146 quam

145 2173 311 2261 hucusque
334 2173 494 2239 usitatam.
541 2173 680 2240 Primum
702 2195 769 2238 non
783 2181 852 2237 tres
867 2171 991 2258 priores
1006 2170 1268 2258 logerithmomm
1289 2194 1349 2238 no·

145 2294 200 2354 tae
225 2286 285 2354 sed
307 2287 389 2352 duae
412 2295 537 2351 tantum
560 2309 579 2350 a
601 2285 720 2352 ceteris
743 2285 961 2370 sejungendae
991 2294 1026 2351 et
1054 2285 1088 2350 in
1116 2285 1279 2366 columna,
1308 2285 1351 2356 sd

147 2399 237 2485 cujus
260 2399 416 2466 verticem
439 2409 474 2466 et
497 2401 620 2466 calcem
642 2407 721 2465 nota
744 2398 765 2465 0
788 2397 922 2483 legitur,
945 2397 1117 2485 ponendae
1147 2397 1350 2480 videamur,

145 2512 233 2581 unde
258 2511 369 2578 evenit
392 2513 597 2578 commodum
603 2558 615 2592 ‚
644 2521 680 2576 ut
708 2511 820 2579 harum
841 2521 988 2578 notarum
1010 2509 1208 2580 mutationes
1229 2509 1270 2576 ad
1292 2510 1352 2576 de·

148 2623 264 2689 cimam
292 2647 394 2711 usque
424 2637 550 2711 partem
578 2645 712 2690 numero
742 2623 933 2688 minuantur.
987 2621 1178 2688 Mutationis
1201 2643 1280 2689 uero
1302 2623 1351 2690 la·

147 2735 282 2802 ciendae
305 2735 407 2802 index
435 2746 489 2802 est
514 2737 634 2802 lineola
661 2735 761 2822 priori
782 2743 932 2822 quattuor
954 2743 1102 2800 notarum
1125 2735 1354 2822 suprascripta,

146 2857 183 2916 ut
205 2847 328 2914 animus
352 2849 551 2928 advertatur3
574 2871 649 2913 nam
670 2870 775 2914 novae
791 2848 897 2916 lineae
912 2846 1075 2914 intercisis
1089 2845 1262 2932 primibus,
1282 2847 1353 2934 qui-

146 2959 208 3026 bus
229 2959 291 3026 hue
314 2960 511 3026 mutationes
533 2961 566 3026 in
588 2959 698 3026 tabula
721 2958 900 3026 Calletiana
921 2959 1121 3037 indicantur,
1150 2969 1186 3026 et
1213 2960 1353 3028 animum

146 3071 338 3158 perturbant
359 3095 466 3158 neque
489 3066 660 3158 praeterea
682 3078 908 3138 cum'nostrae
930 3071 1058 3138 tabulae
1082 3073 1184 3142 forma
1199 3072 1352 3160 conjungi
1443 3151 1448 3160 ¹

95 3228 102 3242 .
147 3191 307 3269 poterant.
353 3183 415 3249 Alii
439 3185 573 3248 formam
589 3193 686 3250 notae
703 3184 840 3250 alienam
856 3195 891 3250 et
904 3185 989 3250 inter
1005 3195 1132 3251 ceteras
1142 3185 1351 3274 conspicuam

145 3298 288 3362 lectores
311 3295 345 3360 in
368 3291 578 3362 mutationem
601 3297 701 3362 talem
730 3295 908 3364 advertisse
939 3297 1135 3377 maluerunt,
1166 3297 1258 3388 quod
1281 3299 1351 3364 fere

147 3409 234 3474 idem
258 3417 310 3475 est
333 3431 426 3496 quam
449 3410 536 3498 quod
565 3409 661 3474 nobis
691 3421 725 3474 et
751 3411 817 3496 jam
848 3410 917 3476 aliis
940 3421 1016 3476 ante
1039 3433 1100 3476 nos
1123 3411 1253 3500 placuit.
1297 3411 1351 3479 No
1468 3409 1471 3418 ’

146 3544 225 3588 vero
242 3521 344 3587 semel
362 3531 487 3587 tantum
509 3522 609 3587 index
631 3522 696 3600 ille,
721 3523 780 3588 sed
801 3523 929 3604 iterum,
945 3522 1001 3590 ubi
1016 3545 1098 3610 opus
1115 3532 1184 3616 est,·
1192 3533 1352 3614 ponatur,

148 3658 222 3700 nam
246 3633 377 3700 omnino
400 3657 466 3700 non
489 3633 691 3720 probandum
713 3635 854 3715 videtur,
874 3636 960 3722 quod
983 3637 1117 3701 mutatio
1140 3635 1351 3702 illanotarum
1377 3667 1379 3670 ·

146 3747 180 3811 in
203 3745 307 3832 primo
323 3754 446 3810 tantum
463 3746 655 3832 logarithmo
680 3746 787 3812 indice
810 3747 980 3826 indicatuu,
1004 3749 1134 3826 ceteris,
1158 3747 1212 3834 qui
1236 3747 1350 3813 eadem

6 3913 16 3934 .
147 3857 325 3924 mutatione
349 3856 539 3938 afficiuntur,
563 3857 733 3946 neglectis.
780 3857 835 3924 Sic
858 3860 1069 3926 mutationum
1092 3882 1226 3930 numero
1250 3858 1352 3925 demi-

5 4009 14 4038 s
146 3979 225 4036 nuto
250 3992 380 4034 omnem
403 3969 624 4035 difficultatem
649 3970 849 4036 sublevatam
872 3993 945 4038 esse
969 3995 1158 4060 persuasum
1184 3971 1351 4039 habemus.

236 4081 367 4148 Deinde
391 4082 430 4147 ab
455 4082 567 4148 ordine
592 4083 710 4150 usitato
726 4084 760 4148 iu
775 4085 981 4152 lineamentis
997 4084 1227 4152 distribuendis
1242 4107 1353 4152 reces-

148 4215 219 4260 sum
243 4205 304 4259 est
349 4195 425 4260 Non
450 4195 547 4275 enim,
570 4196 657 4281 quod
679 4196 713 4260 in
736 4197 899 4284 plerisque
923 4198 1042 4264 tabulis
1063 4199 1184 4262 tactim
1205 4209 1267 4278 est,
1292 4197 1350 4263 sub

9 4311 16 4333 '
146 4305 243 4372 tertia
265 4307 317 4372 vel
339 4317 448 4393 quarta
470 4309 524 4373 rel
547 4307 657 4394 quinta
680 4308 941 4392 logarithmorum
970 4309 1056 4377 linea
1084 4321 1181 4396 prout
1209 4309 1291 4374 libet
1314 4311 1352 4376 li·

146 4429 354 4485 neamentum
377 4443 396 4483 a
420 4419 547 4486 sinistra
570 4421 610 4484 ad
633 4420 781 4486 dextram
804 4423 934 4488 ductum
958 4432 1025 4502 est,
1055 4423 1115 4490 sed
1137 4423 1239 4502 linea,
1270 4446 1352 4510 quae

14 4531 21 4544 '
146 4531 281 4618 integris
303 4533 483 4616 argumenti
506 4533 681 4599 decadibus
703 4534 900 4621 respondet,
929 4534 1014 4600 binis
1043 4536 1249 4604 tuamensis
1280 4557 1353 4605 raus
