3140 4998
716 194 962 252 luusonuurlo.

526 366 654 430 intrao
676 373 709 428 et
747 351 771 428 '1
879 365 967 430 5586
991 389 1116 434 errores

557 524 577 556 „
633 479 701 554 1„
754 480 965 544 2....3194
1046 477 1098 556 ,,’
1148 527 1152 536 .

556 637 578 668 n
632 591 702 668 2„
754 594 856 656 3····
883 595 969 659 1025
1045 639 1065 668 2,

557 751 577 780 m
629 705 700 780 3„
752 707 855 770 4····
903 709 967 771 178
1045 751 1064 782 n

555 864 575 894 η
628 819 699 895 4„
752 819 856 882 5¹⁰·
925 821 967 884 16
1045 865 1066 896 n

556 977 576 1008 n
629 932 700 1008 5η
753 935 854 998 6····
946 935 963 996 Ῑ
1044 977 1064 1008 υ

555 1089 576 1122 59
628 1048 648 1108 6
679 1091 697 1121 ‚2
731 1047 772 1107 10
945 1050 967 1108 0
1046 1091 1065 1121 η

234 1157 269 1222 id
292 1155 381 1242 quod
403 1156 474 1222 aliis
496 1158 605 1224 verbis
628 1159 725 1222 etiam
747 1159 795 1222 sio
817 1155 881 1220 diei
903 1167 1022 1244 potest:
1054 1157 1143 1223 Inter
1161 1159 1274 1223 10000
1288 1179 1448 1236 summas,

238 1291 323 1355 quae
346 1267 510 1338 additione
531 1271 647 1357 viginti
669 1269 934 1356 loganilhmornm
957 1293 975 1334 e
992 1271 1102 1336 tabula
1116 1270 1336 1337 desumtorum
1350 1273 1447 1348 fiunt,

239 1383 326 1448 5586
342 1380 476 1448 affectae
493 1395 568 1449 sunt
586 1405 695 1448 exrore
713 1383 797 1447 intra
811 1384 892 1448 lines
902 1386 925 1446 0
937 1393 968 1446 et
980 1387 996 1448 l
1009 1385 1116 1472 posito
1131 1387 1187 1471 qui
1206 1385 1336 1450 ultimae
1347 1393 1446 1450 uotae

238 1494 403 1561 decimalis
413 1496 558 1584 partibus
571 1495 750 1577 exhibetur,
767 1495 887 1562 nullius
904 1517 981 1560 vero
999 1519 1088 1562 error
1107 1500 1209 1582 maj0r
1223 1498 1284 1564 erit
1299 1519 1397 1583 quam
1410 1501 1443 1562 6.

324 1607 417 1673 Haec
440 1611 634 1696 computatio
657 1607 894 1694 quodammodo
917 1611 1120 1697 comprobari
1147 1621 1255 1698 potest
1275 1609 1444 1676 additione

234 1725 306 1812 ipsa
332 1723 447 1809 viginti
474 1723 737 1808 logarithmorum
764 1721 934 1807 aliquoties
961 1722 1056 1786 faeta.
1101 1720 1295 1811 Exemplum
1323 1725 1364 1789 sit
1390 1726 1443 1789 vi·

234 1838 317 1924 giuti
339 1837 482 1925 priorum
505 1835 769 1923 logarithmorum
786 1835 1017 1900 irrationalium
1035 1858 1053 1900 e
1068 1835 1179 1902 tabula
1195 1839 1338 1923 quinque
1354 1836 1445 1902 deoi-

235 1949 367 2016 malium
390 1949 611 2016 desumtorum
632 1971 772 2024 summa,
795 1950 828 2011 in
850 1970 924 2033 qua,
946 1960 1130 2036 eomparata
1151 1949 1327 2015 eorundem
1349 1949 1456 2036 loge·

233 2061 421 2130 nilhmonum
445 2069 570 2129 summa
591 2062 634 2128 ad
655 2063 822 2152 septimam
845 2083 950 2146 usqne
972 2071 1081 2126 uotam
1097 2060 1286 2128 decimalem
1308 2083 1444 2151 eompu-

234 2186 382 2255 tatorum
405 2200 546 2243 errorem
569 2178 684 2262 -1,66
707 2177 900 2251 invenimus,
920 2174 972 2236 vel
993 2173 1259 2259 loganithmorum
1282 2175 1324 2241 ad
1347 2177 1444 2261 quin·

234 2299 299 2354 tam
326 2311 431 2374 usque
462 2299 570 2354 notam
600 2288 787 2353 decimalem
822 2294 1076 2372 computaturum
1104 2311 1230 2354 summa
1262 2289 1367 2353 minor
1393 2297 1444 2352 eat

235 2403 320 2481 1,66,
336 2423 420 2487 quae
436 2411 510 2466 sunt
525 2401 657 2466 ultimae
672 2409 768 2465 uotae
785 2397 949 2463 decimalis
965 2409 1081 2486 partes.
1118 2400 1224 2468 Simili
1239 2400 1335 2467 modo
1351 2423 1444 2467 erro-

141 2587 143 2594 *
234 2537 305 2580 rem
328 2516 362 2580 in
384 2514 649 2599 subsequentium
672 2511 1003 2597 2010garithmorum
1026 2535 1151 2580 summa
1173 2515 1354 2580 invenimus
1371 2523 1444 2593 ete,

237 2627 295 2693 sed
329 2628 455 2693 omissis
489 2626 688 2713 logmithmis
722 2625 933 2692 rationalibus
961 2646 1169 2692 numerorum
1204 2631 1237 2704 1,
1273 2630 1331 2706 10,
1366 2629 1443 2692 100.

233 2738 371 2806 Errores
393 2741 515 2806 inventi
538 2749 627 2806 sunt:

321 2852 456 2920 Summa
475 2851 658 2940 logarithm.
732 2855 801 2915 2-
831 2851 873 2918 22
897 2873 988 2918 error
1030 2853 1152 2937 -1,66

710 2967 803 3031 23-
830 2968 873 3031 42
929 3013 948 3043 ,,
1030 2965 1150 3050 1216

708 3081 800 3144 43-
830 3081 872 3143 62
927 3125 948 3157 ,,
1029 3113 1060 3126 -
1074 3079 1148 3162 0,81

707 3194 800 3256 63-
828 3193 871 3255 82
926 3237 946 3268 ,,
1027 3225 1058 3238 -·
1074 3192 1148 3275 2,02

709 3304 873 3370 83-103
928 3347 947 3380 ,,
1029 3306 1148 3387 1042

690 3416 874 3481 104-123
928 3461 947 3492 „
1028 3418 1149 3502 ÷0,83

688 3529 871 3626 124-113
926 3574 947 3606 ,,
1026 3531 1148 3609 -0,07

687 3643 872 3708 144-163
927 3688 947 3720 „
1029 3643 1148 3722 10,87

686 3757 872 3824 164-183
928 3802 947 3834 ,,
1028 3758 1149 3841 1023

689 3870 872 3936 184-203
926 3913 946 3944 ,,
1027 3879 1057 3940 -1-
1071 3870 1149 3945 0,04

688 3981 874 4047 204-223
926 4026 946 4057 ,,
1028 3980 1149 4064 11,75

688 4093 874 4160 224-243
928 4138 948 4169 „
1029 4092 1150 4177 1323

688 4205 875 4272 244-263
929 4251 949 4282 ,,
1026 4205 1149 4290 -0,12

689 4319 874 4385 264-283
927 4365 946 4396 ,,
1026 4317 1150 4403 -1,54

545 4475 548 4482 ι
687 4433 873 4500 noa-303
928 4477 947 4508 ‚‚
1028 4442 1058 4501 1
1072 4431 1149 4515 043

688 4545 872 4611 304-323
927 4589 948 4620 ,,
1027 4541 1148 4630 -0,12
