3140 4998
237 1065 296 1155 llll
327 1065 595 1195 ERRORIBUS,
625 1067 787 1176 QUIBUS
820 1064 1188 1162 COMPUTATIONES

357 1211 727 1309 LOGARITHMIGAE
758 1215 1067 1309 hFFlClllllTllll.

668 1429 694 1506 s.
723 1427 754 1489 1.

196 1531 307 1612 Quum
330 1536 502 1618 cujuslibet
529 1537 714 1622 legarithmi
736 1537 829 1602 valor
856 1558 952 1602 verus
975 1545 1008 1613 et
1029 1537 1157 1620 integer
1178 1535 1321 1622 plerum·
1437 1623 1439 1628 ,
1491 1563 1492 1566 ’

40 1726 42 1730 .
80 1666 172 1730 -que
201 1645 243 1708 sit
269 1669 424 1713 numerus
452 1649 661 1728 irrationalis,
688 1651 744 1735 qui
773 1649 918 1714 exhiberi
945 1658 1086 1733 nequeat
1111 1648 1175 1714 nisi
1195 1649 1321 1716 infinita
1396 1703 1398 1710 .

79 1777 81 1782 ’
106 1767 254 1822 notarum
277 1758 483 1825 decimalium
506 1763 603 1840 serie,
634 1765 669 1827 in
698 1763 816 1828 tabulis
839 1783 918 1827 vero
939 1759 1174 1846 legarithmicis
1195 1763 1320 1848 priores

107 1879 230 1934 tanturn
252 1881 348 1936 notae
370 1872 543 1938 decimales
565 1875 786 1951 inveniantur,
813 1875 932 1959 quibus
954 1893 1014 1960 pro
1037 1893 1115 1937 vero
1139 1881 1172 1936 et
1192 1874 1321 1960 integro

6 1959 11 2000 ⁹
107 1981 168 2046 illc¹
185 1981 369 2066 legarithmi
394 1986 501 2050 valore
524 1988 558 2049 in
581 1987 875 2073 computationibus
899 1987 1027 2059 utimur,
1050 1995 1184 2070 apparet
1204 1988 1321 2064 omnia,

68 2107 72 2116 '
108 2115 192 2177 quae
214 2095 479 2180 legarithmorum
501 2121 563 2185 ope
579 2107 813 2184 computantur,
836 2119 944 2163 errore
967 2096 1019 2159 vel
1042 2098 1162 2180 majore
1184 2097 1238 2161 vel
1260 2100 1322 2163 mi·

109 2228 188 2271 nore
210 2207 367 2282 laborare.
414 2208 482 2274 Sed
510 2210 665 2295 quamdiu
687 2232 747 2275 nos
770 2226 836 2275 non
857 2211 963 2297 piguit
983 2208 1093 2295 plures
1115 2217 1207 2274 notas
1231 2209 1321 2277 deci·

108 2320 207 2384 males
230 2320 263 2383 in
287 2324 524 2409 computatione
548 2323 721 2399 adhibere,
749 2345 845 2408 quam
875 2331 953 2407 quot
976 2321 1223 2407 computationis
1246 2323 1321 2389 data

107 2453 167 2518 pro
182 2433 365 2499 ,subtilitate
389 2459 448 2500 sua
469 2447 615 2523 poscunt,
641 2437 694 2501 hic
716 2457 805 2501 error
828 2433 1063 2521 clogarithmis
1085 2456 1201 2521 parum
1223 2459 1319 2502 accu-
1375 2461 1380 2469 ·
1432 2461 1437 2472 ·

108 2546 186 2609 ratis
208 2547 414 2632 proficiscens
438 2571 497 2634 pro
521 2549 621 2613 nihilo
646 2549 815 2614 habendus
839 2556 903 2624 est,
932 2547 960 2612 si
989 2569 1061 2610 oum
1092 2567 1131 2612 co
1155 2569 1321 2636 compara·
1379 2596 1381 2600 -
1443 2609 1448 2620 ,

109 2665 169 2732 tur,
193 2660 248 2742 qui
272 2683 290 2722 e
314 2659 395 2724 datis
418 2685 532 2748 pamm
557 2663 713 2727 accuratis
737 2661 894 2746 originem
916 2658 1013 2723 ducit.
1050 2658 1323 2758 Quandocunque
1349 2653 1352 2659 Δ

109 2792 186 2834 vero
209 2773 407 2857 propositum
431 2783 492 2849 est,
521 2785 556 2837 ut
586 2799 644 2838 eac
672 2764 794 2838 tantuin
817 2783 912 2837 notae
936 2769 1108 2835 decimales
1131 2773 1165 2835 in
1188 2797 1322 2862 compu-

109 2883 229 2947 tatione
245 2883 467 2961 adhibeantur,
493 2909 575 2972 quae
591 2909 650 2973 pro
667 2887 815 2950 datorum
831 2883 1008 2948 subtilitate
1023 2905 1156 2970 prorsus
1172 2907 1321 2953 necessa·

109 2995 176 3058 riae
205 2997 281 3071 sint,
310 3020 351 3060 nc
375 3019 476 3083 opera
497 2999 651 3062 inutiliter
673 2998 840 3085 perdatur,
868 3007 934 3060 tum
964 2998 997 3059 in
1020 2996 1092 3061 loco
1116 2998 1189 3075 erit,
1215 2999 1322 3086 prius·
1432 2988 1436 2996 ¹

110 3105 430 3195 quam.'computatio
461 3111 657 3186 instituatur,
694 3133 838 3176 errorum
868 3109 1024 3174 rationem
1052 3108 1196 3188 habere,
1216 3112 1272 3196 qui
1302 3135 1323 3177 a

111 3221 194 3283 notis
218 3219 428 3287 decimalibus
453 3223 578 3287 omissis
601 3223 763 3309 proficisci
785 3223 918 3308 possint,
941 3231 1038 3306 atque
1061 3221 1102 3286 de
1125 3221 1175 3287 his
1198 3221 1323 3309 disqui-
1401 3273 1403 3278 -

8 3373 12 3380 -
110 3331 193 3406 sitio,
217 3355 312 3416 quam
337 3333 521 3398 intrudere
545 3335 744 3412 conabimur,
768 3359 844 3399 num
862 3337 881 3398 5
898 3335 951 3398 v'el
968 3338 987 3399 6
1004 3335 1091 3398 vel‘l
1116 3344 1212 3401 notae
1235 3335 1323 3403 deci·
1373 3375 1379 3386 ·

16 3463 19 3468 ·
111 3443 209 3508 males
233 3446 266 3508 in
289 3448 527 3534 computatione
549 3445 754 3511 adhibendae
776 3449 840 3511 sint
862 3447 999 3512 docebit.

675 3627 700 3704 s.
727 3629 758 3688 a.

199 3731 342 3801 Primum
376 3759 499 3812 sumas,
539 3737 681 3800 omnium
716 3735 981 3819 logorithmorum
1018 3737 1052 3817 in
1086 3735 1324 3820 computatione

110 3846 328 3914 adhibitorum
357 3870 483 3913 errores
516 3857 547 3912 et
577 3847 707 3932 quidem
731 3857 860 3914 exactos
884 3871 994 3914 eorum
1018 3847 1145 3914 valeres
1168 3855 1325 3912 constare.

110 3956 195 4022 Tum
218 3961 333 4026 calculi
357 3960 579 4026 differentialis
609 3983 671 4048 cpe
694 3961 789 4026 facile
812 3985 853 4026 ex
876 3962 916 4027 iis
939 3984 1083 4026 summae
1105 3958 1210 4024 finalis
1235 3981 1326 4026 error

111 4069 250 4136 derivari
272 4084 392 4160 potcst3
420 4075 453 4138 in
482 4097 546 4160 quo
575 4074 653 4138 satis
681 4082 729 4138 est
750 4077 858 4161 priora
881 4075 1108 4140 differentialis
1126 4071 1327 4149 adhibuisse,
1371 4153 1374 4158 Ι

6 4233 7 4248 ,
111 4205 210 4268 quum
233 4207 360 4254 errores
388 4209 466 4274 prae
493 4186 760 4271 legarithmorum
782 4189 948 4254 valoribus
971 4189 1092 4252 exactis
1114 4186 1242 4251 valeres
1264 4187 1327 4250 mi-

6 4289 8 4302 ’
111 4299 190 4361 nimi
211 4299 324 4370 haberi
346 4301 482 4387 possint,
506 4321 642 4383 quorum
666 4299 838 4384 dignitates
853 4302 1036 4387 superiores
1052 4299 1170 4364 nullius
1185 4299 1220 4364 in
1237 4321 1328 4365 com·
1405 4303 1450 4376 ,’

6 4451 7 4458 1
110 4411 276 4496 putatione
298 4423 374 4479 sunt
398 4412 561 4478 momenti.
606 4411 829 4498 Aequationes
850 4413 885 4478 in
907 4437 948 4478 ea
969 4413 1206 4499 computatione
1229 4413 1326 4478 hasce

48 4521 52 4531 '
112 4521 284 4590 adhibeas:
1192 4535 1194 4540 '

1110 4637 1128 4694 t
