3140 4998
220 207 255 268 ¹2
596 144 607 161 ·
714 205 914 260 martura.

109 402 113 412 ,
225 367 467 436 continentibus
490 369 666 457 conspicua
687 367 815 436 reddita
836 376 899 448 est,
923 365 1041 434 ceteris
1057 389 1176 435 novem
1190 367 1285 434 lineis
1308 366 1353 432 ita
1375 365 1429 432 in-

223 477 400 569 terpositis,
422 491 460 548 ut
482 491 595 548 ternae
613 479 837 569 semperalbie
853 479 1031 548 intervallis
1048 482 1266 567 sejungantur.
1312 479 1347 544 ln
1363 481 1429 547 hac

223 596 376 660 linearum
400 593 637 674 distributione,
661 615 756 681 quum
779 603 967 678 argumenta
989 593 1021 657 in
1046 593 1176 658 sinistra
1197 603 1288 678 purte
1312 603 1430 658 ancta

221 700 243 768 0
265 726 367 791 usque
391 705 432 769 ad
455 705 499 771 50
522 716 556 771 et
577 707 610 772 in
634 707 748 771 dextra
771 729 789 770 a
812 713 890 770 nota
905 704 948 770 50
971 727 1073 791 usque
1097 703 1138 767 ad
1158 703 1220 772 100
1232 706 1428 792 procedant,

221 817 438 904 unusquisque
461 819 589 885 modice
613 829 758 885 versatus
786 818 820 882 in
848 809 1047 903 logarithmis
1077 816 1226 902 legendis
1256 817 1364 884 statim
1386 817 1429 882 li·

220 949 300 993 neas
325 931 503 1015 argumenti
526 931 667 998 numeria
693 925 744 1009 10,
770 929 823 1009 20,
849 929 902 1010 30,
927 930 970 997 40
1000 941 1035 996 et
1057 930 1090 994 in
1114 930 1229 996 dextra
1250 940 1341 1017 parte
1365 952 1428 996 nu·

220 1040 318 1106 merie
350 1039 410 1121 60,
440 1042 499 1123 70,
529 1043 574 1110 80
580 1091 590 1124 ,
621 1044 664 1112 00
692 1043 932 1131 respondentes
963 1033 1118 1110 inveniet.
1163 1043 1291 1110 Novem
1317 1043 1428 1108 lineae

221 1152 493 1237 logarithmorum,
519 1179 601 1243 quae
617 1157 828 1244 interpositae
844 1167 919 1222 sunt
941 1155 1015 1235 illis,
1039 1155 1158 1244 ubique
1182 1157 1215 1220 in
1231 1165 1299 1221 tres
1315 1165 1428 1243 partes

220 1265 344 1332 divisae
368 1277 453 1348 sunt,
478 1291 608 1356 quarum
630 1270 732 1357 prima
754 1278 975 1354 argumentum
993 1270 1023 1348 1,
1047 1269 1079 1349 2,
1104 1269 1135 1348 3,
1160 1269 1261 1340 altera
1279 1267 1311 1348 4,
1335 1271 1367 1348 5,
1392 1253 1426 1347 0,

222 1379 318 1445 tertia
343 1379 373 1460 7,
397 1380 430 1460 8,
454 1378 474 1447 9
497 1381 607 1448 habet.
653 1382 717 1474 Qui
740 1381 1001 1467 lugarithmorum
1024 1381 1117 1460 ordo,
1153 1405 1250 1468 quum
1272 1381 1358 1446 idem
1382 1381 1427 1446 sit

221 1490 256 1555 in
280 1491 430 1558 omnibus
452 1493 588 1580 paginis,
612 1516 688 1558 mox
711 1493 811 1560 efficit
832 1493 975 1580 repetito
1000 1493 1127 1559 tabulae
1150 1517 1227 1574 usu,
1258 1503 1294 1558 ut
1317 1493 1427 1560 statim

222 1603 308 1670 oculi
330 1603 363 1668 in
387 1627 554 1671 numemm
582 1605 760 1694 quaesitum
789 1605 932 1672 incidant
961 1607 1002 1671 ad
1025 1606 1125 1672 instar
1148 1605 1303 1686 fidicinis,
1334 1607 1426 1692 cujus

223 1715 314 1802 digiti
338 1725 460 1784 certam
482 1719 689 1786 clavichordii
711 1719 864 1786 chordam
888 1720 1063 1806 pulsant*).

308 1852 593 1921 Lineamentorum
621 1879 639 1919 a
666 1855 789 1922 vertice
820 1855 860 1920 ad
884 1855 1006 1920 calcem
1036 1854 1204 1920 ductorum
1234 1853 1426 1919 oeconomia

222 1965 316 2032 sicuti
339 1965 373 2032 in
397 1967 561 2054 plerisque
584 1968 703 2034 tabulis
726 1970 807 2034 haec
831 1980 899 2033 estc
922 1966 1114 2052 Argumenti
1130 1977 1278 2054 quattuor
1300 1965 1426 2053 priores

221 2088 321 2147 notae
345 2078 378 2144 in
404 2079 552 2146 columna
574 2081 676 2168 prima
698 2081 824 2168 positae
849 2091 883 2146 et
907 2079 1160 2145 differentiarum
1175 2078 1314 2143 tabellae
1339 2099 1426 2142 cras-

220 2191 266 2257 sis
289 2193 492 2259 lineamentis
524 2203 713 2280 segregatae
744 2203 819 2258 sunt
849 2205 883 2257 et
914 2194 1059 2279 ejusdcm
1084 2189 1303 2256 crassitudinis
1326 2191 1426 2254 linea-

219 2315 363 2370 mentum
395 2306 525 2373 duotum
555 2316 607 2370 est
634 2307 720 2370 inter
748 2317 858 2371 notam
888 2305 908 2368 l
940 2305 1016 2370 et5
1048 2305 1236 2398 argumenti.
1281 2303 1427 2368 Alteram

108 2468 112 2474 .
221 2439 299 2483 vero
330 2428 365 2482 et
393 2419 523 2484 tertiam
547 2421 728 2484 columnam
756 2415 934 2503 argumenti
964 2417 1081 2504 gradus
1112 2426 1146 2480 et
1175 2417 1297 2480 minuta
1324 2414 1427 2502 prima

222 2529 445 2594 continentem
475 2531 596 2596 addere
626 2551 899 2617 supervacaneum
934 2529 1120 2607 uidebatur,
1156 2551 1252 2615 quum
1285 2527 1427 2592 tabulam

221 2657 316 2726 quam
339 2642 608 2729 simplicissimam
631 2665 706 2708 esse
731 2643 925 2708 voluerimus
955 2665 1061 2729 neque
1091 2651 1349 2726 argumentorum
1372 2663 1427 2705 cu-

221 2752 364 2832 mulatio,
388 2775 468 2840 quae
492 2763 544 2819 est
566 2754 598 2818 in
622 2753 784 2819 nonnullis
806 2753 934 2833 tabulis,
957 2755 1029 2820 usui
1051 2754 1268 2818 levamentum
1285 2753 1345 2817 sed
1367 2752 1427 2816 im·

221 2863 445 2951 pedimentum
468 2867 592 2932 afferat.
639 2865 793 2931 Ceterum
816 2867 937 2953 siquis
960 2865 1121 2931 interdum
1137 2864 1187 2928 his
1204 2887 1331 2930 arcuum
1353 2885 1427 2952 par·

220 2976 307 3042 tibus
331 3000 445 3044 usurus
469 2988 536 3058 est,
568 2978 722 3046 adhibeat
749 2978 902 3045 tabellam
931 2977 1112 3045 reductioni
1135 2977 1368 3043 inservientem
1392 2985 1426 3042 et

221 3091 255 3155 in
278 3089 367 3156 calce
391 3090 526 3176 paginae
549 3091 699 3178 positam.

312 3224 410 3291 Quod
434 3226 549 3292 attinet
572 3229 612 3292 ad
635 3226 772 3314 partium
795 3225 1082 3313 proportionalium
1097 3225 1245 3304 tabellas,
1270 3223 1427 3290 stabula·
1475 3211 1482 3226 ⁸

220 3359 299 3416 rum,
323 3360 402 3423 quas
425 3339 549 3404 revolvi
565 3349 693 3426 septem
709 3339 922 3418 decimalium,
946 3340 1179 3404 consuetudine
1195 3339 1351 3404 recedere
1367 3359 1425 3401 nc·
1470 3398 1473 3404 .

222 3450 396 3516 cessarium
419 3449 595 3517 videbatur.
640 3453 824 3539 Numquam
839 3451 925 3516 enim
946 3451 1207 3536 lugarithmorum
1223 3449 1425 3515 differentiae

108 3577 112 3585 “
223 3570 289 3626 tarn
313 3570 503 3628 constantes
527 3573 612 3642 sunt,
635 3575 671 3630 ut
693 3564 814 3629 tabella
837 3573 927 3629 certo
950 3563 1024 3630 loco
1049 3563 1197 3652 apposita
1220 3561 1426 3649 quotiescun-

223 3695 284 3760 que
309 3673 387 3738 satis
411 3673 558 3754 sufficiat,
582 3676 688 3743 donec
712 3677 895 3742 differentia
917 3677 1015 3763 plena
1037 3679 1158 3743 unitate
1182 3684 1303 3741 mutata
1327 3673 1369 3738 sit
1393 3683 1426 3737 et

221 3807 306 3851 nuno
323 3783 445 3851 tabella
456 3787 600 3871 proxima
612 3789 818 3868 adhibeatur;
835 3789 894 3854 sed
906 3790 940 3854 in
952 3791 1148 3856 accuratiore
1161 3789 1284 3854 calculo
1298 3808 1427 3872 semper

225 3919 264 3961 ea
287 3897 407 3963 tabella
429 3899 527 3963 utaris
550 3922 688 3966 necesse
712 3911 764 3965 est
787 3924 868 3987 quae
892 3901 1064 3986 unicuique
1090 3901 1351 3986 logarithmorum
1366 3897 1427 3962 dil-

223 4077 261 4085 -,

294 4182 322 4250 l)
341 4185 391 4236 Res
410 4188 554 4239 minutiores
572 4192 686 4254 persequi
703 4191 789 4240 multis
807 4191 955 4252 videbimur,
980 4193 1022 4242 scd
1042 4193 1210 4258 unusquisque
1228 4194 1343 4254 expertus
1362 4188 1427 4238 dcta·

223 4273 366 4336 tigationem
384 4275 411 4323 iu
434 4277 527 4328 calculo
550 4277 686 4341 longinquo
712 4279 794 4328 minue
817 4293 847 4328 ex
871 4281 946 4331 animi
968 4282 1050 4332 labore
1076 4281 1176 4332 assiduo
1194 4295 1267 4344 quam
1286 4294 1315 4327 ex
1333 4279 1427 4328 incerto

222 4361 349 4412 oculorum
367 4362 458 4411 obtutu
475 4365 548 4416 modo
566 4365 614 4415 huc
632 4366 705 4416 modo
722 4368 781 4416 iiiuc
799 4382 917 4419 converso
935 4370 1069 4434 proticisci,
1087 4370 1152 4418 unde
1171 4383 1299 4418 nervorum
1320 4367 1428 4415 remissio

223 4451 316 4508 oritur,
334 4450 406 4499 nobie
424 4453 540 4502 umnam
556 4454 701 4504 levationem
720 4455 806 4504 calculi
824 4455 888 4505 haud
914 4458 1077 4520 spernendam
1095 4471 1164 4514 esse,
1188 4471 1237 4518 qua
1255 4456 1317 4517 parti
1341 4467 1427 4515 corpo·

225 4539 259 4587 ris
279 4538 470 4601 pretiosissimae
488 4554 560 4603 quam
578 4541 682 4593 maxima
701 4543 820 4605 parcitum
839 4545 878 4594 eit.
