3140 4998
224 163 260 225 10
724 169 921 224 Pilumno.

233 325 343 396 darum
365 328 614 397 differentiarum
642 330 799 398 rationem
828 330 950 398 habere
976 353 1059 418 opus
1080 329 1132 397 sit
1177 329 1294 418 Neque
1317 328 1428 396 minus

226 451 365 522 constat,
390 443 417 509 si
440 442 548 509 tabula
569 443 604 508 in
626 443 821 530 argumentis
853 467 872 509 a
900 443 1030 511 minuas
1059 443 1210 510 secundis
1239 444 1280 508 ad
1302 443 1429 509 minuta

124 563 126 567 ’
224 555 366 622 secunda
387 557 554 643 procedat,
578 579 649 624 eam
671 556 770 622 nimio
793 555 925 635 ambitu,
950 555 1003 643 qui
1025 579 1067 622 ne
1091 557 1197 622 locum
1214 554 1343 643 quidem
1362 553 1431 621 dif-

222 666 370 733 ferentiis
382 667 547 755 praebeat,
562 668 707 735 inutilem
719 669 759 733 ad
774 692 867 735 usum
882 667 960 734 fieri.
985 667 1204 735 Quamobrem
1220 689 1280 733 eae
1296 675 1428 753 septem

223 779 426 847 decimalium
447 779 575 848 mbuae
607 781 646 845 ad
674 803 877 848 communem
905 803 998 847 usum
1026 801 1156 866 semper
1177 778 1428 867 probatissimae

221 893 423 972 ridebantur,
446 917 528 980 quae
550 893 758 980 logarithmos
780 915 983 961 numerorum
1007 894 1021 960 l
1048 915 1151 980 usque
1175 892 1215 956 ad
1234 889 1366 960 100000
1388 900 1427 959 et
1460 929 1463 935 Δ

223 1005 423 1072 functionum
445 1005 772 1092 trigonometricarum
797 1029 816 1071 a
841 1006 883 1073 10
906 1007 946 1070 sd
973 1005 1014 1070 10
1035 1004 1156 1071 minuta
1179 1004 1323 1070 secunda
1345 1025 1428 1072 oon·

223 1117 340 1184 tinent.
387 1117 600 1186 Differentiae
623 1119 751 1207 quidem
773 1119 807 1186 in
829 1119 879 1184 his
902 1141 921 1183 a
943 1117 1136 1184 duodecimo
1152 1117 1227 1183 inde
1243 1115 1343 1202 gradu
1365 1115 1426 1194 de·-

150 1283 154 1292 .
223 1251 311 1296 mum
334 1238 409 1297 sunt
430 1229 524 1296 trium
539 1241 696 1312 notarum,
720 1240 754 1297 et
769 1253 909 1297 necesse
926 1239 988 1309 est,
1012 1228 1235 1316 silogarithmi
1252 1229 1424 1317 septimam

222 1351 333 1410 notam
356 1341 547 1409 decimalem
569 1344 839 1411 accuratissimam
852 1342 1077 1431 postulaveris,
1100 1351 1225 1430 partem
1240 1325 1428 1430 proportio-

224 1455 331 1521 nalem
354 1456 394 1520 ad
418 1465 561 1544 quartam
582 1479 685 1546 usque
708 1456 898 1523 decimalem
914 1465 1060 1522 exactam
1076 1465 1263 1544 computes3
1286 1455 1319 1520 id
1335 1454 1423 1543 quod

222 1566 351 1634 tabulae
377 1568 514 1658 partium
535 1568 820 1659 proportionalium
845 1591 911 1660 ope
934 1569 980 1636 sic
1002 1568 1073 1636 fieri
1094 1577 1218 1658 potest,
1240 1578 1278 1635 ut
1299 1567 1425 1634 calculo

156 1727 164 1744 .
221 1680 376 1770 peculiari
398 1703 463 1747 non
487 1680 644 1769 indigeas.

309 1795 359 1860 Eo
383 1795 522 1874 accedit,
545 1806 581 1860 ut
603 1796 748 1863 arctioris
770 1795 930 1862 intervalli
953 1795 1156 1862 commodum
1177 1788 1280 1861 forma
1294 1791 1426 1860 tabulae

221 1907 321 1973 habili
331 1907 430 1992 longe
455 1916 694 1995 compensetur,
717 1907 908 1996 praesertim
931 1908 958 1973 si
980 1907 1013 1972 in
1036 1909 1156 1994 majore
1179 1907 1341 1973 volumine
1363 1905 1425 1971 dif-
1454 1886 1458 1892 Ι

221 2019 381 2086 terentiae
398 2020 537 2086 omissae
554 2031 637 2088 sunt.
683 2021 761 2108 b'jus
778 2020 973 2088 conditionis
996 2020 1136 2086 tabulam
1161 2019 1263 2085 edidit
1282 2019 1425 2084 Callet

221 2131 353 2216 (Tables
376 2133 552 2221 portatives
576 2133 617 2200 de
640 2135 875 2220 Logarithmes)
898 2134 1063 2220 hucusque
1086 2133 1129 2199 ob
1153 2153 1265 2199 causas
1280 2153 1425 2198 comme·

220 2255 359 2311 moratas
382 2246 649 2332 probatissimam.
694 2248 786 2314 Haec
809 2257 929 2324 nostra,
953 2269 1047 2336 quam
1069 2245 1183 2324 habes,
1205 2245 1314 2310 tabula
1337 2245 1424 2330 ejus·

221 2357 296 2424 dem
319 2366 372 2424 est
395 2357 532 2424 ambitus
560 2358 668 2446 itaque
696 2363 818 2426 formae
848 2359 1065 2426 habilissimos
1094 2357 1246 2424 conciliet
1268 2356 1424 2424 differen·
1474 2389 1480 2398 ·

219 2469 334 2536 tiaram
358 2470 560 2536 commodum
583 2471 709 2538 decime
730 2481 822 2560 parte
845 2473 1012 2538 minorum.

308 2581 439 2648 Deinde
455 2582 488 2648 in
505 2583 614 2649 tabula
629 2585 670 2649 ad
685 2585 902 2672 quotidianum
916 2607 1008 2650 usum
1023 2581 1264 2650 accomodanda
1284 2579 1423 2645 maxime

218 2694 378 2764 rationem
400 2694 522 2761 habere
538 2717 620 2782 opus
636 2707 688 2762 est
701 2697 820 2782 figurae
836 2706 871 2763 et
885 2699 1008 2764 fortune
1023 2706 1179 2764 notarum.
1223 2695 1307 2760 Nam
1324 2713 1425 2780 saepe

220 2828 280 2874 usu
303 2805 454 2892 cognovi,
476 2807 666 2894 antiquioris
689 2811 810 2876 formae
833 2820 928 2877 notas
950 2809 1126 2896 longinquo
1149 2807 1306 2894 adspectu
1321 2806 1423 2870 molto
1561 2779 1562 2822 ³

218 2918 323 2984 minus
354 2919 467 2984 oculos
497 2919 673 3006 defatigare
703 2945 797 3010 quam
826 2923 1009 2989 novissimis
1037 2919 1238 3008 temporibus
1276 2919 1421 2997 usitatas,

148 3084 151 3091 .
220 3051 316 3118 quum
349 3053 416 3096 non
450 3032 556 3118 magni
590 3035 747 3100 momenti
783 3036 968 3114 videantur,
1005 3055 1086 3122 quae
1122 3041 1235 3099 contra
1263 3029 1342 3097 dicit
1371 3029 1419 3094 lll.

218 3143 415 3230 babbage
428 3145 562 3227 (Tables
579 3149 616 3213 oi
634 3149 821 3235 logaritbms
833 3172 866 3236 p.
878 3148 969 3229 vm).
1015 3147 1091 3211 illae
1115 3145 1201 3210 enim
1225 3143 1420 3230 antiquiores

219 3267 319 3324 notae
342 3280 409 3324 non
434 3267 508 3324 sunt
530 3281 642 3324 omnes
666 3261 809 3346 ejusdem
831 3259 1040 3346 longitudinis
1063 3258 1108 3323 ito
1129 3268 1166 3323 ut
1180 3255 1343 3344 particulis
1365 3277 1421 3319 ea-

220 3391 290 3436 rum
321 3391 417 3457 supra
444 3371 496 3435 rel
522 3370 604 3437 inira
632 3371 751 3438 lineam
780 3372 997 3439 eminentibus
1022 3371 1183 3456 signorum
1205 3369 1420 3456 proprietates
1561 3425 1562 3440 ,

221 3492 405 3568 augeantur.
450 3483 534 3549 'lum
556 3484 722 3552 tenuiores
746 3487 880 3551 eaedem
905 3494 940 3549 et
962 3482 1103 3570 aequalis
1120 3480 1339 3580 crassitudinis
1362 3479 1421 3544 mi·

219 3617 279 3662 nus
308 3595 473 3662 oculorum
502 3596 605 3662 aciem
635 3595 819 3664 obtundunt
846 3619 941 3684 quam
970 3595 1172 3662 recentiores
1199 3593 1310 3682 pingui
1339 3599 1422 3656 atra·

90 3705 94 3712 '
218 3716 331 3775 mento
362 3709 396 3774 in
427 3706 500 3774 alba
528 3709 638 3776 charta
659 3711 777 3798 pictae.
824 3709 897 3776 Hoc
924 3709 1067 3776 sensisse
1095 3707 1221 3773 videtur
1244 3705 1289 3770 lll.
1313 3703 1422 3770 Bab-

148 3908 152 3917 ·
219 3821 339 3906 bage,
363 3819 428 3907 qui,
453 3843 550 3908 quum
561 3823 620 3886 has
631 3823 832 3889 recentiores
844 3831 938 3889 notas
950 3823 984 3886 in
1006 3821 1116 3886 tabula
1138 3841 1195 3885 sua
1209 3826 1423 3906 praeoptare·
1561 3873 1562 3906 p

220 3932 272 4011 rit,
297 3933 439 3998 obertum
451 3934 626 3999 coloratam
649 3934 805 4015 adhibuit,
828 3944 865 4000 ut
887 3933 1153 4018 defatigationem
1175 3931 1341 3997 oculorum
1362 3927 1422 3992 mi·
1560 3915 1562 3948 ²

220 4055 346 4111 nueret.
391 4045 599 4132 Antiquiores
621 4046 694 4111 illae
718 4057 816 4113 notae
841 4045 987 4132 ejusdem
1009 4047 1142 4122 formae,
1166 4063 1247 4130 quae
1271 4040 1367 4136 nobis
1389 4040 1423 4105 in
1557 4043 1562 4068 ¹

139 4179 140 4182 ’
219 4159 280 4224 hec
311 4167 423 4224 nostra
450 4157 559 4223 tabula
588 4158 754 4244 aptissime
776 4159 962 4237 ridebatur,
992 4157 1128 4246 primum
1156 4155 1362 4220 inveniuntur
1388 4153 1421 4219 in
1561 4157 1562 4162 ’

219 4269 408 4338 Lalandii
431 4269 560 4350 tabulis,
584 4293 662 4356 quas
679 4271 830 4359 Taylor
853 4271 1058 4336 etWalton
1073 4269 1243 4335 ediderunt
1256 4275 1291 4332 et
1305 4275 1422 4354 postea

158 4451 160 4458 ,
219 4381 348 4449 isalibro
360 4383 526 4468 Raperii
545 4383 684 4466 (Pratice
708 4385 745 4449 ol
764 4371 961 4468 navigation)
973 4383 1106 4468 aliisque
1119 4378 1302 4465 majoribus.
1326 4379 1423 4444 Prae·
1550 4405 1555 4414 ·

221 4505 313 4560 terea
334 4493 369 4558 in
391 4493 500 4559 tabula
521 4495 702 4562 carendum
725 4505 787 4575 est,
811 4506 847 4561 ut
863 4494 1001 4581 spatium
1016 4502 1107 4560 recte
1124 4489 1340 4570 distribuatur,
1364 4511 1424 4556 nu·
