3140 4998
235 197 271 258 lb
738 195 939 254 mimo.

233 367 346 446 partes
368 361 629 448 proportionales
652 354 748 427 facile
772 383 814 426 ex
843 361 977 448 ingenio
1006 369 1242 447 computentur.
1287 353 1452 428 Uniusou·

231 471 348 558 jusque
371 495 450 540 vero
479 473 684 539 differentiae
713 473 866 540 tabellam
893 474 928 538 in
958 473 1076 561 pagina
1104 473 1234 538 evoluta
1260 471 1333 537 libri
1355 472 1452 538 inve·

234 581 319 666 nies,
343 585 494 672 exceptis
517 587 679 652 nonnullis
703 587 857 673 mcum
880 583 937 666 6⁰,
969 587 1025 664 7⁰,
1054 585 1110 664 8⁰,
1138 583 1194 650 ubi
1218 584 1356 672 spatium
1379 607 1449 651 non

235 697 477 785 suppeditabat,
501 698 543 766 de
566 721 697 786 quarum
721 699 964 785 computatione
988 696 1186 764 instituenda
1208 696 1290 762 infra
1305 696 1424 764 dicam.

326 807 480 876 Ceterum
503 833 572 876 rem
591 812 658 898 jam
683 811 737 878 diu
760 811 977 878 desideratam
1000 810 1049 876 his
1065 809 1317 876 differentiarum
1340 809 1449 874 tabel-

234 921 275 988 lis
297 943 351 986 me
373 922 576 1008 praestitisse
599 946 787 1012 persuasum
812 923 936 1005 habeo,
960 945 1057 1012 quum
1080 922 1140 988 alia
1162 921 1322 988 institistio
1345 921 1448 1008 parti-

234 1032 296 1099 bus
319 1034 615 1121 proportionalibus
637 1035 843 1102 inveniendis
865 1036 1057 1115 inserviens,
1081 1035 1258 1104 secundum
1273 1055 1367 1121 quam
1390 1042 1448 1098 aut
1561 1043 1562 1094 1

236 1145 298 1212 alia
320 1145 393 1212 libri
415 1148 532 1235 pagina
555 1149 737 1216 evolvenda
760 1159 823 1230 est,
848 1159 904 1215 aut
926 1148 1047 1216 tabella
1069 1149 1154 1214 inter
1170 1148 1333 1214 columnas
1356 1146 1446 1233 ipsas

235 1258 345 1347 posita
367 1281 432 1326 non
457 1262 497 1326 ad
520 1271 643 1328 certam
666 1261 884 1330 differentiam
908 1261 969 1328 sed
992 1263 1033 1328 ad
1048 1263 1202 1348 majorem
1217 1260 1272 1326 rel
1286 1258 1445 1325 minorem

235 1370 367 1438 tabidae
389 1383 514 1460 partem
536 1375 689 1461 pertinet,
715 1377 794 1442 satis
817 1376 937 1442 idonea
958 1375 1069 1442 haberi
1092 1383 1243 1460 nequeat.
1290 1371 1348 1437 Sin
1368 1393 1446 1459 sep·
1533 1351 1539 1362 ⁸

235 1493 304 1550 tem
327 1494 474 1551 notarum
498 1487 701 1554 decimalium
723 1489 905 1576 logarithmi
934 1489 968 1554 in
997 1487 1123 1554 calculo
1153 1483 1327 1551 adhibendi
1358 1493 1444 1564 sunt,

236 1619 371 1684 quorum
400 1597 434 1662 in
463 1598 581 1665 tabulis
611 1602 750 1688 spatium
778 1625 843 1668 non
874 1602 1062 1690 suppeditat
1089 1597 1281 1665 differentiis
1309 1605 1447 1684 propter

236 1731 402 1776 numerum
426 1733 535 1777 earum
558 1713 669 1779 decies
692 1723 784 1780 tanto
807 1715 972 1800 majorem,
996 1735 1090 1802 quam
1106 1721 1243 1799 quantus
1266 1709 1374 1776 estin
1396 1708 1447 1775 lo-

236 1823 401 1909 garitbmis
424 1848 484 1891 sex
506 1825 720 1906 decimalium,
745 1827 868 1914 optime
897 1825 1089 1892 adhibentur
1111 1823 1240 1890 tabulae
1267 1822 1447 1888 Orellia·

236 1937 340 2018 nae*)
349 1938 402 2002 vel
413 1937 541 2004 tabulae
553 1938 690 2024 partium
702 1939 1006 2026 proportionalium,
1013 1961 1091 2024 quas
1104 1938 1145 2002 ad
1157 1959 1229 2002 eum
1241 1935 1345 2022 ipsum
1353 1957 1446 2000 usum

237 2049 325 2115 edidi
334 2051 390 2132 ⁸⁶).
436 2049 557 2118 Harum
580 2051 758 2119 tabularum
783 2052 871 2118 enim
894 2075 958 2139 ope
981 2073 1055 2138 pars
1079 2047 1327 2136 proportionalis
1348 2046 1446 2112 facile

237 2160 410 2243 invenitur,
435 2185 529 2250 quam
553 2164 607 2250 qui
631 2187 672 2230 ex
697 2165 828 2251 ingenio
853 2163 1035 2230 addiderint
1049 2163 1090 2227 ad
1113 2161 1336 2248 logarithmum
1352 2159 1447 2225 tabu·

236 2274 300 2354 lae,
323 2275 547 2361 logarithmum
572 2277 752 2362 quaesitum
776 2275 943 2341 habebunt
973 2298 1080 2362 neque
1103 2297 1185 2361 opus
1208 2275 1271 2340 erit
1292 2272 1445 2360 peculiari

239 2386 364 2452 calculo
386 2386 420 2451 in
442 2387 554 2452 charta
575 2387 786 2455 instituendo.

329 2497 427 2566 Quod
450 2499 576 2564 adtinet
597 2501 638 2565 ad
660 2499 804 2566 ultimam
827 2499 847 2566 i.
862 2525 891 2566 e.
916 2509 1041 2566 sextam
1057 2498 1319 2586 logarithmorum
1334 2508 1446 2566 notam

238 2611 442 2690 decimalem,
467 2612 579 2698 regula
602 2622 730 2678 servata
752 2623 822 2692 est,
853 2635 894 2677 ne
918 2611 1030 2678 vitium
1053 2611 1218 2678 dimidium
1239 2610 1372 2679 unitatis
1394 2633 1445 2676 as-

240 2733 401 2810 sequatur.
448 2723 556 2790 Quem
589 2725 629 2789 ad
658 2725 757 2792 finem
784 2726 970 2792 thesaurum
997 2724 1257 2810 logarithmorum
1287 2745 1307 2788 a
1333 2723 1447 2810 Vega

241 2835 363 2901 editum
383 2836 566 2923 comparavi
590 2847 625 2901 et
639 2859 759 2904 novem
780 2837 991 2924 logarithmos
1006 2836 1127 2915 inveni,
1150 2835 1183 2900 in
1199 2834 1313 2922 quibus
1329 2834 1447 2900 decem

237 2958 384 3016 notarum
409 2948 608 3015 decimalium
633 2951 765 3018 ultimae
790 2962 882 3018 erant
907 2949 1011 3028 5000,
1041 2949 1086 3013 ita
1108 2957 1144 3014 ut
1170 2955 1264 3014 sexto
1285 2955 1364 3013 nota
1387 2947 1445 3012 du·
1559 2937 1560 2946 ¹

238 3059 293 3126 bia
314 3060 558 3148 relinqueretur.
605 3063 785 3150 Propterea
813 3063 1075 3150 logarithmorum
1102 3084 1166 3149 ope
1194 3060 1235 3125 ad
1257 3059 1445 3125 vicesimam

237 3195 340 3261 usque
369 3183 479 3239 notam
509 3174 699 3242 decimalem
729 3185 986 3264 computatorem
1012 3173 1073 3240 hos
1103 3172 1312 3259 logarithmos
1341 3195 1443 3259 usque

238 3287 279 3352 ad
307 3286 450 3372 quintam
479 3286 636 3354 decimam
665 3298 776 3355 notam
807 3296 956 3355 accurate
986 3287 1082 3373 exegi
1113 3297 1148 3353 et
1177 3287 1354 3358 secundum
1385 3307 1444 3352 eos

238 3408 365 3464 sextam
389 3407 499 3465 notam
522 3400 642 3466 notavi.
687 3400 761 3467 Pari
783 3401 882 3467 modo
898 3398 1107 3486 logarithmos
1123 3400 1230 3467 denuo
1247 3399 1441 3485 computavi,
1505 3445 1517 3468 .

238 3509 411 3598 inquibus
435 3509 551 3576 decem
574 3521 721 3578 notarum
743 3513 946 3579 decimalium
968 3511 1099 3578 ultimae
1116 3523 1208 3578 erant
1223 3510 1321 3594 4998,
1345 3509 1443 3592 4999,
1558 3507 1559 3514 ³

238 3621 344 3703 5001,
368 3622 473 3703 5002,
503 3647 610 3712 neque
634 3633 743 3690 tamen
768 3626 879 3693 viuum
901 3635 1000 3692 notae
1024 3625 1169 3692 decimae
1192 3633 1357 3712 repertum
1381 3633 1441 3691 est.

237 3735 353 3824 Longe
376 3736 438 3801 alia
461 3746 513 3802 est
534 3737 678 3805 conditio
704 3739 774 3824 ejus
797 3740 897 3826 partis
912 3739 1065 3818 thesauri,
1088 3761 1171 3825 quse
1187 3737 1371 3804 functiones
1388 3737 1444 3802 tri-
1558 3811 1559 3820 ἵ

239 3849 479 3936 gonometricas
501 3849 667 3928 continet,
692 3851 782 3916 etin
806 3873 869 3937 qua
887 3854 953 3937 jam
977 3851 1231 3918 differentiarum
1252 3873 1442 3938 progressus

238 3983 305 4030 non
328 3971 482 4032 constans
511 3961 588 4028 vitia
617 3963 827 4048 complurium
856 3964 1014 4030 unitatum
1043 3965 1173 4030 indicat.
1225 3962 1443 4032 Quamobrem

238 4097 282 4141 ne
310 4075 387 4162 quid
414 4073 547 4140 dubium
574 4074 811 4161 relinqueretur
841 4099 955 4145 omnes
984 4077 1166 4162 logarithmi
1202 4076 1296 4163 hujus
1331 4077 1442 4164 partis,

239 4211 373 4277 quorum
401 4197 584 4255 exstremae
616 4195 714 4254 notae
743 4189 919 4257 decimales
955 4198 1047 4257 erant
1076 4189 1164 4262 4996
1193 4192 1247 4258 vel
1276 4189 1363 4258 5004
1390 4189 1443 4256 vel

240 4345 440 4359 ψ..-

311 4451 342 4519 ⁴)
360 4455 535 4508 Meumblu
552 4456 637 4509 Berlin
657 4456 736 4514 1820.

311 4541 354 4614 a)
372 4544 460 4596 rnen
478 4547 521 4597 rer
539 4547 782 4612 aemmorrousae
794 4549 886 4602 asna
903 4550 943 4602 an
961 4547 1089 4602 nonme
1108 4541 1185 4608 reta.
