3140 4998
232 155 252 217 8
740 157 938 210 namucno.
1003 119 1008 130 ’

235 320 355 386 rendus
378 329 431 386 est
452 319 637 408 paginarum
660 320 742 387 ordo
766 317 905 406 aequalis
929 327 965 384 et
990 338 1184 403 congruens,
1208 313 1262 402 qui
1276 313 1383 393 iaciat,
1405 319 1445 380 ut
1522 371 1533 388 ,
1563 361 1566 374 .

238 433 417 518 quemlibet
451 457 618 501 numerum
652 433 789 520 paginae
823 440 947 496 tantum
977 453 1076 517 opera
1110 429 1305 514 investigare
1334 425 1445 513 possis

240 545 366 610 etiamsi
390 555 610 632 argumentum
642 546 681 610 ad
710 547 815 610 locum
846 544 970 610 numeri
998 543 1227 610 inveniendum
1248 540 1444 628 neglexeris.

239 657 307 721 Sed
327 659 394 744 jam
417 681 536 744 operae
560 658 698 744 pretium
723 657 803 736 erit,
826 680 1015 744 quamquam
1038 658 1118 722 haec
1143 668 1178 722 et
1200 656 1261 722 alia
1282 654 1446 742 postulata
1484 679 1488 697 ·

225 771 422 836 'commodis
445 771 530 837 inter
553 795 588 836 se
613 783 761 838 accurate
784 770 955 859 perpensis
978 779 1142 856 praestare
1166 767 1354 846 studuimus,
1378 766 1446 832 sin·

242 884 319 968 gula
347 907 428 970 quae
460 885 563 949 secuti
594 907 702 949 sumus
726 905 912 950 enumerare
935 883 1109 970 principia,
1140 905 1236 968 quum
1265 882 1306 946 de
1336 879 1445 944 multis

242 996 341 1060 etiam
364 996 449 1062 inter
472 1020 541 1076 eos,
566 997 620 1085 qui
640 997 753 1084 judicii
775 1005 974 1084 potestatem
998 995 1130 1073 habent,
1155 994 1234 1060 nihil
1257 1001 1389 1059 constet
1411 1001 1447 1057 et

242 1131 284 1172 ex
308 1131 366 1173 suo
390 1131 549 1194 quemque
573 1108 679 1174 animo
704 1109 879 1195 dijudicare
903 1117 1065 1195 oporteat.

334 1219 473 1284 Primum
497 1222 537 1284 de
561 1243 694 1286 numero
719 1231 864 1287 notarum
888 1221 1090 1286 decimalium
1113 1219 1355 1286 decernendum
1378 1227 1449 1284 erat
1565 1255 1566 1274 κ

242 1354 348 1417 neque
379 1333 433 1397 diu
461 1334 493 1398 in
524 1333 622 1399 dubio
654 1356 728 1398 esse
758 1343 888 1420 poterat
914 1333 1077 1418 judicium.
1122 1334 1207 1398 Nam
1240 1333 1273 1397 in
1303 1332 1448 1420 plurimis

242 1443 419 1510 rationibus
443 1445 541 1510 etiam
564 1446 787 1512 astronomicis
811 1467 869 1510 sex
894 1455 991 1511 notae
1016 1445 1190 1511 decimales
1214 1445 1392 1524 sufficiunt,
1414 1444 1447 1508 in
1522 1531 1525 1534 Ι

248 1557 370 1623 ceteris
393 1580 472 1622 vero
496 1557 643 1624 omnibus
668 1558 745 1624 satis
770 1579 929 1644 superque
953 1557 1094 1624 abundat
1110 1558 1258 1646 septima,
1281 1580 1377 1644 quum
1400 1580 1450 1622 ar-

245 1680 413 1756 gumenta,
443 1670 557 1757 quibus
588 1671 729 1736 calculus
752 1669 876 1748 nititur,
907 1693 1067 1758 nunquam
1096 1672 1254 1758 septimae
1284 1670 1450 1736 decimabo

247 1783 459 1850 subtilitatem
483 1793 702 1869 assequantur.
748 1782 858 1868 ltaque
882 1783 1031 1848 reluctati
1054 1806 1199 1850 essemus
1228 1783 1259 1848 ei
1282 1783 1369 1869 quod
1390 1805 1451 1848 no-

245 1895 296 1961 bis
320 1873 519 1982 propositum
543 1895 644 1961 fuisse
670 1893 941 1981 supradiximus,
970 1905 1006 1960 ut
1028 1897 1190 1987 temporis
1208 1895 1393 1982 compendii
1416 1904 1452 1960 et

245 2008 359 2074 calculi
376 2007 589 2094 simplicioris.
602 2003 740 2072 maxime
764 2007 845 2072 ratio
862 2006 1050 2088 haberetur3
1074 2008 1106 2073 id
1123 2009 1380 2096 neglexisscmus
1402 2017 1451 2073 ta·

248 2121 323 2185 bula
346 2121 556 2208 complurium
579 2144 673 2208 quam
697 2144 755 2186 sex
780 2119 983 2186 decimalium
1012 2131 1209 2188 constructa.
1255 2123 1321 2188 Tot
1343 2123 1450 2187 autem
1565 2185 1566 2198 ,

248 2233 452 2298 necessariae
478 2245 580 2311 erant,
604 2244 639 2298 ut
662 2233 879 2298 tabulaetiam
902 2232 934 2296 in
958 2233 997 2297 iis
1013 2234 1190 2300 rationibus
1207 2233 1352 2300 adhiberi
1372 2256 1451 2321 pos·

250 2355 312 2424 set,
338 2367 419 2431 quae
443 2345 607 2430 hucusque
632 2355 761 2430 septem
784 2343 985 2410 decimalium
1014 2368 1078 2432 ope
1109 2346 1287 2432 subductae
1318 2356 1452 2412 suntet

246 2456 280 2520 in
303 2455 418 2543 quibus
440 2479 498 2520 ¹sex
515 2467 609 2521 notas
625 2455 799 2521 decimales
817 2457 954 2520 eandem
969 2458 1127 2543 praebere
1144 2458 1355 2524 subtilitatem
1377 2481 1452 2544 per·

248 2591 375 2635 suasum
406 2569 524 2634 habeo.
569 2570 668 2633 Porro
699 2568 726 2633 si
748 2569 943 2655 perpendis,
972 2570 1131 2636 rationem
1162 2593 1221 2636 sex
1250 2570 1452 2636 decimalium

248 2681 281 2746 in
304 2680 412 2746 tabula
434 2680 521 2744 benc
545 2680 703 2766 disposita
725 2691 848 2746 tantum
872 2681 1033 2746 dimidiam
1055 2693 1180 2768 partem
1203 2693 1237 2746 et
1266 2691 1452 2749 sextantem

250 2793 373 2858 auferre
398 2793 467 2878 ejus
491 2792 649 2878 temporis
673 2794 759 2878 quod
782 2795 925 2877 postulat
948 2795 1062 2860 eadem
1078 2795 1111 2859 in
1126 2795 1236 2860 tabula
1251 2803 1379 2881 septem
1395 2796 1453 2862 dc-

248 2904 423 2984 cimalium,
449 2903 654 2982 consenties,
678 2905 819 2970 tabulam
851 2928 910 2970 sex
934 2906 1136 2972 decimalium
1161 2907 1320 2972 edendam
1343 2906 1453 2987 fuisse,

248 3040 291 3082 ne
316 3017 348 3085 in
373 3017 496 3082 calculo
527 3039 627 3102 opera
650 3027 685 3081 et
708 3018 793 3083 vires
817 3017 972 3082 inutiliter
995 3019 1181 3104 perdantur.
1226 3018 1300 3084 Jam
1323 3019 1452 3105 quidem

251 3130 358 3193 editae
384 3138 458 3193 sunt
480 3150 603 3215 paucae
628 3107 787 3214 ejusmodi
810 3128 937 3194 tabulae
963 3129 1022 3194 sed
1045 3130 1122 3196 alias
1146 3130 1188 3195 ob
1211 3151 1323 3196 causas
1346 3130 1454 3196 multi·
1565 3129 1566 3170 ἶ

248 3240 367 3327 plicem
389 3251 424 3304 et
447 3251 618 3305 extensum
642 3240 674 3304 in
696 3240 873 3306 rationibus
896 3263 988 3305 usum
1010 3252 1231 3328 aspernantur.
1453 3325 1456 3330 1

340 3353 466 3416 Revera
495 3363 601 3417 autem
631 3375 688 3418 sex
720 3363 814 3418 notas
838 3353 1014 3418 decimales
1037 3355 1224 3440 plerumque
1249 3355 1289 3420 ad
1313 3355 1453 3421 calculos

249 3465 482 3529 astronomieos
513 3465 672 3544 sufficere,
697 3465 752 3530 ubi
783 3466 816 3530 id
840 3466 961 3551 agitur,
992 3475 1027 3530 ut
1058 3489 1099 3531 ex
1130 3467 1274 3554 corporis
1298 3467 1452 3534 coelestis

251 3576 421 3641 elementis
439 3576 522 3641 datis
546 3577 692 3662 ejusdem
714 3579 804 3644 locus
828 3600 987 3666 apparens
1011 3579 1064 3645 vel
1087 3581 1247 3646 contrario
1277 3603 1318 3646 ex
1334 3573 1453 3647 bbser·

239 3697 326 3780 ¹vato
349 3689 423 3754 loco
445 3690 607 3753 elementa
630 3689 848 3768 inveniantur,
874 3712 915 3755 ex
938 3713 978 3757 eo
1002 3703 1112 3778 patet,
1143 3693 1230 3778 quod
1252 3693 1454 3777 tangentium

248 3822 312 3886 cpe
337 3800 462 3864 etiamsi
487 3823 595 3864 earum
620 3801 822 3867 differentiae
847 3811 922 3866 sunt
944 3803 1093 3868 minimae
1117 3814 1227 3868 tamen
1247 3803 1380 3887 angulus
1402 3825 1454 3868 re·

248 3912 415 3999 spondens
436 3912 475 3975 ad
500 3921 643 3998 quartam
665 3935 766 3997 usque
790 3921 916 3999 partem
939 3913 1051 3980 minuti
1082 3914 1216 3978 secundi
1246 3922 1380 3978 exactus
1403 3936 1454 3978 re-

248 4023 406 4110 periatur,
431 4024 477 4088 ita
499 4033 535 4086 ut
558 4025 762 4090 statuendum
787 4026 846 4104 sit,
877 4024 909 4094 in
934 4025 1144 4110 ephemeride
1169 4047 1229 4090 sex
1252 4023 1454 4090 decimalium
1564 4073 1565 4078 η

216 4185 218 4192 .
249 4135 354 4200 locum
379 4145 598 4222 computatum
621 4155 691 4198 raro
715 4143 838 4201 tantum
862 4137 992 4202 dimidia
1020 4136 1134 4200 minuti
1163 4137 1297 4202 secundi
1320 4145 1454 4222 partes
1562 4141 1566 4156 '

247 4268 326 4311 vero
350 4246 496 4327 differre,
529 4267 626 4334 quum
649 4244 735 4324 vitia,
759 4271 840 4333 quae
860 4261 943 4329 ,nota
965 4248 1113 4314 decimali
1143 4249 1280 4334 septima
1303 4249 1454 4335 neglecta

248 4368 432 4437 nascuntur,
456 4359 594 4450 maxime
609 4355 670 4420 alia
692 4357 760 4422 aliis
784 4371 1045 4449 compensentur.
1092 4360 1348 4464 Observationes
1373 4385 1450 4429 vero
1565 4367 1566 4380 ¹

249 4470 339 4558 ipsae
363 4493 436 4537 cum
460 4473 573 4538 eadem
598 4467 808 4554 ephemeride
833 4473 1078 4562 comparandae,
1103 4474 1246 4562 quamvis
1262 4475 1383 4563 optima
1405 4475 1452 4542 iu·
1564 4451 1566 4500 l
