3140 4998
398 183 402 191 ’
428 287 432 294 ,
643 216 839 278 ammaum.
1310 219 1345 278 ιι
1385 165 1390 178 ’

140 391 226 465 sunt,
248 383 422 452 dummodo
445 384 601 451 memoria
615 392 773 463 teneatur,
796 381 925 462 lineam,
948 345 1040 467 cadus
1054 388 1277 466 argumentum
1291 389 1346 448 est

139 489 213 578 30‘',
236 498 380 564 medium
402 498 509 563 locum
530 517 709 582 oocupare3
740 495 848 582 itaque
872 493 1052 582 dispartitio
1081 492 1183 580 magis
1211 492 1346 582 ampliti-

139 619 212 676 cata
233 609 457 697 perturbasset
478 631 545 674 non
568 607 747 694 adjuvisset
760 608 926 674 lectorem.
972 605 1143 672 Difficilius
1158 605 1274 672 fuisset
1295 605 1345 672 in·

28 733 29 736 ’
137 733 231 809 tegra
253 723 377 789 minuta
398 721 511 810 prima,
534 745 616 809 quae
632 743 762 788 novena
776 731 852 787 sunt
866 720 900 786 in
914 743 1104 807 unaquaque
1120 719 1237 806 pagina
1251 741 1345 806 prae-

138 847 191 902 ter
214 835 291 902 bina
312 836 346 900 in
369 835 493 902 vertice
517 844 553 900 et
575 834 666 900 calce
688 834 859 913 collocata,
882 856 902 899 e
925 833 1000 900 loco
1015 832 1237 900 tantummodo
1253 831 1345 897 inve·

118 944 220 1027 ''nire,
245 947 454 1034 quamobrem
475 945 615 1012 mediam
639 945 660 1012 i.
683 967 713 1010 e.
737 944 879 1032 quintam
902 945 1096 1012 minutorum
1111 944 1284 1031 primorum
1306 943 1345 1010 ll·
1469 1023 1475 1038 ι

138 1082 235 1126 neam
257 1059 342 1128 binis
365 1059 570 1126 lineamentis
594 1081 666 1124 eam
677 1057 968 1124 intercludentibus
983 1056 1191 1145 conspicuam
1204 1057 1343 1122 reddam

75 1185 81 1192 ’
138 1172 270 1260 placuit,
294 1195 375 1259 quae
398 1172 624 1238 adminiculum
647 1169 808 1258 praebent
830 1171 942 1251 cedis,
964 1193 1062 1257 quum
1084 1193 1180 1256 supra
1202 1171 1283 1236 haec
1304 1169 1344 1236 li·

137 1295 312 1354 neamente
334 1294 484 1372 quattuor
506 1286 573 1352 sint
594 1283 797 1350 functionum
820 1283 924 1350 lineae
948 1292 1098 1370 quattuor
1127 1265 1343 1369 integrismi·

137 1398 224 1464 nutis
247 1397 359 1484 primis
381 1398 633 1484 respondentes,
656 1419 788 1484 quarum
810 1395 923 1482 prima,
947 1395 1066 1475 altera,
1096 1395 1207 1476 tertia,
1231 1403 1344 1481 quarta

139 1509 247 1605 statim
271 1533 290 1576 e
313 1509 467 1576 distantia
489 1533 508 1574 a
530 1531 682 1596 suprema
702 1519 740 1575 et
761 1508 873 1595 quinta
894 1518 1145 1594 cognoscuntur,
1168 1507 1250 1572 infra
1265 1507 1343 1573 toti-

139 1603 214 1688 dem
226 1622 428 1690 functionum
443 1623 559 1702 lineae,
583 1645 715 1710 quarum
730 1631 835 1701 sexta,
852 1621 1001 1707 septima,
1025 1630 1150 1700 octava,
1172 1642 1259 1685 nona
1273 1619 1342 1706 pari

136 1734 235 1802 modo
259 1735 480 1814 inveniuntur,
512 1745 548 1802 ut
578 1736 690 1802 oculos
718 1734 752 1798 in
781 1741 1003 1819 argarmentum
1025 1732 1143 1818 conjici
1169 1755 1235 1798 non
1258 1754 1341 1819 opis

137 1846 191 1912 sit.
236 1846 328 1912 Haec
353 1847 622 1928 lineamentorum
645 1844 816 1932 dispositio
840 1845 1017 1932 comparari
1031 1844 1130 1910 hceat
1145 1844 1254 1910 circuli
1269 1867 1342 1931 par-

137 1957 244 2024 titioni
267 1959 301 2024 in
323 1958 447 2044 ungulis
471 1958 661 2038 metiendis,
688 1957 743 2023 ubi
773 1957 918 2024 decimus
945 1957 1078 2043 quisque
1106 1958 1260 2043 graduum
1283 1980 1342 2024 nu-

138 2091 229 2136 mere
245 2069 409 2156 adscripto
426 2070 530 2136 notari
552 2071 648 2150 solet,
672 2093 738 2136 non
762 2069 876 2148 ceteri,
900 2093 996 2156 quum
1018 2069 1135 2155 singuli
1157 2069 1273 2153 gradus
1294 2069 1342 2134 la·

138 2181 201 2248 cile
224 2181 439 2260 inveniantur,
463 2181 636 2248 dmnmcdo
659 2182 788 2268 quintus
811 2179 897 2246 linea
911 2181 1057 2268 longiore
1073 2182 1127 2247 vel
1142 2180 1341 2250 alteratione

137 2293 280 2379 signatus
304 2292 357 2373 sit,
381 2303 416 2358 et
439 2293 466 2358 si
489 2293 626 2359 cuculum
648 2293 682 2358 in
703 2275 858 2379 gnaduum
880 2302 1047 2366 sextantes
1062 2292 1256 2362 dividendus
1278 2301 1341 2374 est,

136 2405 223 2471 inter
246 2405 338 2471 binas
362 2405 516 2491 gradmm
545 2406 645 2471 lineas
676 2405 816 2494 quinque
844 2405 977 2474 missoris
1005 2405 1216 2492 longitudinis
1237 2405 1342 2474 lineo·

135 2519 188 2584 lae
204 2506 390 2604 ponuntur,
420 2527 457 2584 ut
479 2519 512 2582 in
541 2518 601 2584 hae
624 2517 786 2585 divisione
814 2519 939 2604 aequali
967 2528 1003 2583 et
1031 2529 1230 2605 congruente
1260 2519 1341 2585 ahos

116 2641 288 2700 'numeros
310 2631 494 2698 adscribere
520 2653 794 2720 supervacaneum
815 2631 869 2696 sit.
915 2631 1015 2698 Porro
1046 2631 1141 2697 sicuti
1169 2631 1340 2698 cochlm

135 2741 394 2823 instrumentum,
417 2745 504 2824 quod
521 2745 688 2810 cochleam
704 2743 972 2810 micrometricam
998 2766 1161 2822 vocamus,
1185 2742 1219 2810 in
1241 2766 1341 2830 ιιιςιι·

135 2854 177 2920 lis
199 2855 375 2922 metiendis
404 2856 449 2921 ita
478 2857 511 2922 in
539 2856 801 2942 logarithmorum
829 2855 938 2922 tabula
966 2856 1119 2924 tabellam
1140 2857 1341 2939 differentia-

134 2989 204 3034 rum
227 2967 268 3032 od
290 2977 420 3054 partem
438 2967 598 3034 intervalli
620 2967 782 3032 minimam
805 2968 1032 3037 inveniendam
1054 2969 1254 3038 adhibemus.

225 3079 327 3166 Hujus
351 3080 452 3166 partis
474 3081 695 3166 logarithmos,
719 3079 773 3166 qui
796 3080 986 3168 saepissime
1016 3082 1226 3162 adhibentru,
1254 3083 1340 3152 into·

136 3213 211 3277 gros
236 3190 378 3272 exhibui,
402 3192 594 3259 differentiis
619 3191 798 3278 adscriptis,
822 3215 896 3258 narn
919 3193 1061 3280 priorum
1075 3204 1233 3278 notmun,
1255 3219 1338 3284 quae

136 3303 265 3389 saepius
287 3305 424 3370 eaedem
448 3315 533 3385 sunt,
556 3305 767 3372 omissionem
790 3305 910 3370 nemini
938 3306 1000 3372 nisi
1022 3310 1226 3397 typographo
1248 3332 1339 3378 com·

52 3479 66 3506 0
132 3415 264 3482 modum
275 3417 390 3484 afferre
399 3418 465 3502 jam
478 3418 596 3485 dudum
613 3417 773 3501 omnibus,
797 3423 851 3508 qui
864 3422 984 3496 tabulis
998 3425 1228 3510 legarithmicis
1243 3437 1339 3496 utun·

135 3537 198 3607 tur,
221 3551 410 3614 persuasum
433 3540 496 3596 est.
541 3533 570 3596 A
594 3541 689 3596 sexto
712 3532 789 3598 inde
812 3534 911 3619 gradu
932 3538 1018 3618 (narn
1041 3559 1082 3603 eo
1105 3561 1206 3625 usque
1222 3539 1338 3627 prioris

89 3647 94 3656 ”
131 3639 233 3727 partis
256 3663 333 3722 usus
362 3641 518 3726 majorem
549 3641 813 3710 commoditatem
841 3645 989 3731 praebet)
1012 3649 1264 3719 differentiarum
1288 3663 1338 3720 ts-

133 3751 241 3819 bellae
265 3753 299 3818 in
321 3753 464 3839 margine
488 3755 674 3841 paginarum
696 3756 865 3842 appositae
889 3769 982 3842 sunt,
1010 3784 1091 3848 quae
1121 3785 1179 3850 pro
1203 3764 1336 3851 singulis

2 3877 6 3898 '
131 3864 263 3930 minutis
286 3865 438 3932 secundis
461 3866 563 3954 ipsam
586 3876 711 3955 partem
734 3869 1008 3957 proportionalem
1032 3874 1205 3956 exhibent,
1228 3899 1336 3966 nequa
1421 3931 1424 3937 -
1530 3903 1532 3906 ·

133 3976 238 4044 solum
261 3977 413 4060 unitates,
437 3979 496 4046 sed
521 3979 618 4046 etiam
641 4003 748 4048 earum
772 3991 881 4068 partes
897 3985 1039 4053 decimas
1063 3987 1157 4054 sicuti
1179 3988 1213 4054 in
1235 3991 1337 4076 pr'm

131 4088 226 4176 hujus
249 4089 322 4156 libri
344 4100 436 4178 parte
460 4094 648 4172 continent,
677 4103 712 4160 ut
740 4095 774 4159 in
796 4096 921 4164 calculo
943 4121 1004 4168 aas
1026 4111 1173 4167 notarum
1196 4101 1337 4170 dammae
1361 4102 1364 4109 ’

129 4200 208 4268 lium
232 4225 297 4290 ope
319 4203 519 4274 instituendo
542 4228 617 4293 pars
640 4205 890 4293 proportionalis
914 4233 1008 4296 quam
1032 4213 1335 4284 accuratissimos
1380 4243 1384 4250 ·
1415 4261 1416 4264 =

24 4366 25 4370 ,
128 4314 169 4380 iis
193 4314 274 4380 sumi
296 4318 411 4403 possit.
456 4318 577 4386 Harum
600 4317 791 4385 tabellarum
812 4343 886 4407 pars
908 4343 972 4388 una
994 4323 1034 4388 ad
1050 4324 1249 4394 differentias
1263 4338 1335 4396 tau-

47 4441 51 4450 ·
130 4425 275 4512 gentium
297 4450 371 4515 pars
395 4429 496 4497 ultera
518 4429 559 4495 ab
581 4430 636 4497 illa
651 4429 806 4500 asterisco
819 4445 990 4520 segregata
1003 4437 1045 4502 ad
1060 4437 1192 4506 easdem
1207 4441 1336 4508 sinuum

2 4583 3 4588 ι
128 4557 230 4628 usque
255 4541 295 4606 ad
316 4541 533 4612 differentiam
555 4546 594 4612 21
620 4543 776 4632 pertinet,
800 4535 1069 4636 quum'minorum
1083 4551 1335 4630 differentiarum
1434 4565 1437 4572 ‘
