3140 4998
488 1589 673 1686 moron
703 1591 969 1741 canarno

9 1843 18 1858 '
112 1800 223 1934 Quom
241 1843 309 1929 jam
332 1843 424 1909 multi
439 1843 696 1910 desideraverint
711 1865 828 1910 novam
843 1845 1105 1931 logarithmorum
1129 1853 1164 1910 et
1179 1843 1318 1911 functio·

109 1973 186 2019 num
208 1953 544 2040 trigonometricarnm
568 1955 709 2022 tabulam
732 1945 976 2023 accomodatam
1005 1957 1046 2022 ad
1069 1956 1316 2043 unumquodque

108 2065 323 2132 ratiocinandi
347 2089 459 2153 genua,
483 2067 620 2153 primum
643 2067 739 2134 nobis
755 2069 957 2155 propositum
979 2079 1049 2135 erat
1071 2069 1104 2134 in
1129 2091 1168 2135 ea
1184 2089 1317 2154 compo-

109 2177 227 2256 nenda,
249 2187 286 2243 ut
308 2179 416 2244 omnia
443 2178 622 2244 tabularum
646 2189 721 2244 ante
744 2203 806 2246 nos
837 2181 993 2247 editarum
1015 2179 1109 2260 vitia,
1139 2201 1221 2268 quae
1251 2179 1315 2246 cal·

53 2307 55 2314 ’
110 2290 215 2387 cuium
239 2290 430 2378 impediunt,
454 2291 487 2356 in
510 2287 571 2358 hac
594 2311 678 2358 nova
701 2291 811 2359 tabula
834 2293 1031 2361 eniterentur
1037 2341 1048 2374 ,
1072 2293 1192 2360 deinde
1215 2303 1316 2360 uteo

1 2412 3 2416 ’
109 2402 222 2469 ordine
236 2402 341 2490 iraque
358 2403 585 2471 additamentis
601 2414 777 2487 ornaretur,
795 2429 1008 2497 quaecunque
1022 2406 1062 2472 ad
1078 2406 1208 2474 facilem
1221 2429 1315 2473 usum

18 2567 20 2572 .
108 2515 245 2580 maxime
270 2515 418 2582 conferre
441 2526 588 2604 possunt.

173 2627 228 2698 .is
252 2625 392 2716 quidem,
416 2628 467 2694 cui
489 2651 560 2696 raro
583 2639 709 2696 tantum
732 2632 873 2698 calculus
887 2631 1127 2718 logarithmieus
1141 2629 1314 2696 instituen-

0 2773 1 2784 ι
108 2740 168 2805 dua
193 2749 256 2820 est,
279 2741 334 2806 vix
356 2740 390 2806 in
414 2764 454 2806 ea
476 2765 538 2830 qna
559 2763 635 2808 naua
659 2753 712 2810 est
731 2743 840 2810 tabula
855 2743 990 2831 aliquam
1014 2742 1313 2810 incommoditatem

8 2870 12 2876 ·
108 2851 381 2933 airimmdvcrterit,
411 2875 507 2940 quum
530 2855 687 2943 temporis
710 2855 849 2943 impensi
878 2856 959 2922 ratio
988 2876 1055 2922 non
1086 2853 1236 2920 habendo
1258 2854 1311 2920 ait.
1433 2858 1436 2864 '

50 3061 52 3064 Ι
108 2961 207 3049 cajus
235 2985 315 3030 vero
343 2975 395 3032 cat
427 2987 486 3053 pro
515 2984 649 3033 munere
680 2964 743 3033 nti
771 2968 880 3034 delato
912 2967 1038 3054 saepius
1067 2965 1193 3032 tabulas
1222 2968 1313 3052 loga·

107 3075 274 3141 rithmicas
297 3085 333 3142 et
355 3075 486 3143 volvere
508 3079 689 3159 revolvere,
713 3079 745 3146 in
769 3079 809 3146 iia
832 3079 932 3144 multa
953 3079 1115 3159 inveniet,
1144 3101 1227 3166 quac
1251 3079 1312 3142 alia
1370 3168 1373 3174 Ι

108 3209 184 3253 ease
206 3188 298 3268 velit,
322 3189 547 3276 cupidissimus
570 3191 632 3256 erit
655 3191 833 3271 commodi,
864 3192 950 3280 quod
979 3186 1088 3256 tabula
1110 3189 1208 3257 modo
1230 3189 1312 3256 haec

18 3387 21 3394 Ι
110 3301 208 3367 modo
224 3300 445 3390 illa-praebet,
468 3303 717 3394 unumquodque
739 3304 896 3392 temporis
920 3303 1147 3390 compendium
1170 3303 1311 3390 arripiet,

107 3415 194 3502 quod
216 3415 529 3502 quantulumcunque
552 3425 605 3483 cet
626 3416 754 3506 saepius
781 3417 955 3506 repetitum
978 3437 1101 3482 summe
1120 3414 1311 3503 spectabilis
1384 3491 1389 3500 ¹

107 3526 262 3614 temporis
284 3525 449 3592 lucrificati
473 3527 592 3595 evadit.

197 3637 301 3704 Multa
324 3637 454 3724 quidem
478 3659 599 3719 eorum,
622 3661 704 3728 quae
727 3643 768 3706 ad
789 3641 967 3708 faciliorem
979 3639 1107 3708 tabulae
1123 3654 1215 3706 urum
1238 3659 1312 3726 per·
1376 3621 1377 3624 ¹

108 3751 226 3830 tinent,
250 3750 283 3816 in
306 3771 370 3815 una
391 3749 501 3816 tabule
522 3751 735 3838 reperiuntur,
759 3755 878 3819 desunt
900 3755 932 3818 in
956 3753 1067 3832 altera,
1090 3751 1160 3817 aliie
1181 3749 1313 3838 quibua-

109 3865 182 3929 dam
206 3861 385 3929 commodis
408 3861 564 3950 praedita,
589 3863 704 3951 quibus
726 3865 780 3931 illa
803 3875 898 3952 eget3
922 3887 996 3931 nam
1019 3887 1118 3952 caepe
1141 3861 1312 3928 commoda

109 3999 145 4043 ae
169 3975 308 4043 invicem
325 3975 511 4055 excludunt,
534 3987 570 4043 ut
585 3977 675 4064 quasi
690 3977 784 4044 limes
800 3979 938 4044 interea
954 3976 1120 4042 ducendus
1137 3974 1189 4042 ait.
1233 3973 1312 4040 Per·

1 4125 3 4170 ;
108 4089 207 4156 multa
221 4107 312 4168 vero,
329 4109 410 4175 quac
425 4087 552 4156 tabulae
567 4091 607 4155 ad
622 4113 715 4157 usum
730 4089 1007 4157 accomodatiores
1023 4087 1173 4168 reddunt,
1196 4087 1313 4154 fi'uatm

107 4201 141 4267 in
165 4199 314 4267 omnibus
336 4201 500 4286 hucusque
525 4201 622 4268 editis
645 4221 797 4290 quaeres,
828 4201 924 4289 idque
952 4211 989 4266 ut
1017 4200 1145 4264 videtur
1173 4221 1244 4264 eam
1267 4197 1310 4264 ob

4 4364 10 4373 .
68 4318 72 4327 '
109 4335 247 4393 canaam,
271 4313 358 4399 quod
380 4311 527 4400 plerique
542 4313 667 4380 'tabulis
690 4313 879 4381 acceditis
902 4335 973 4380 raro
988 4321 1112 4378 tanturn
1126 4311 1310 4390 utebantur,

107 4447 213 4512 neque
236 4423 271 4489 in
295 4445 336 4490 eo
359 4415 462 4502 erant,
484 4433 521 4490 ut
543 4445 627 4512 quae
652 4435 687 4492 et
708 4427 812 4515 qualia
835 4425 1006 4493 commoda
1018 4423 1129 4491 tabuic
1144 4424 1311 4510 suscipere

107 4545 237 4624 poscet,
269 4535 416 4602 diuturna
439 4537 677 4605 consuetudine,
701 4539 873 4608 discerent.
919 4524 991 4604 iiuc
1015 4537 1205 4624 praesertim
1225 4537 1311 4605 reie-

1507 2065 1521 2106 'i
