3140 4998
635 210 836 265 ruarmo.
1323 207 1344 266 9

141 378 321 436 strumenta
343 369 537 452 adhibueris,
561 372 699 439 affectae
722 381 801 439 sunt
823 371 914 453 vitio,
939 372 1024 460 quod
1046 371 1147 459 pluris
1170 393 1264 458 quam
1284 369 1345 438 mi·

142 483 211 548 nuti
237 485 371 550 secundi
394 485 628 552 aestimandum
650 497 719 566 est3
749 495 845 572 atque
873 494 1076 572 argumenta,
1106 484 1220 573 quibus
1244 486 1346 573 epha-

140 596 282 664 merides
305 597 467 678 nituntur,
496 598 594 664 etiam
616 599 720 664 minus
745 609 861 664 exacta
883 606 968 676 sunt,
997 606 1033 664 ut
1056 597 1179 664 calculo
1206 597 1259 664 vel
1287 597 1346 663 de·

143 729 216 774 cem
245 709 449 776 decimalium
477 710 625 778 instituto
662 709 873 796 complurium
901 709 1094 776 minutorum
1131 710 1346 776 secundorum

142 821 326 888 differentia
354 823 577 889 intercesserit
611 823 696 888 inter
732 821 994 888 observationem
1023 831 1058 888 et
1091 819 1345 908 ephemeridem,
1409 875 1412 882 .

141 956 224 1020 quae
247 934 280 999 in
302 936 396 1000 lunae
419 934 500 1002 locis
524 936 563 1000 ad
587 935 700 1022 viginti
724 956 825 1021 usque
849 933 1042 1000 minutomm
1063 933 1288 1013 secundorum,
1310 934 1344 1000 in

141 1045 280 1132 planetis
309 1047 350 1112 ad
377 1047 499 1134 aliquot
530 1047 724 1116 minutorum
752 1046 926 1133 primorum
957 1045 1172 1112 differentiam
1195 1067 1350 1112 crescere

140 1165 262 1245 potest.
308 1158 418 1246 ltaque
443 1160 601 1246 ejusmodi
625 1158 847 1238 differentiae,
875 1158 961 1224 unde
993 1166 1251 1244 argumentorum
1280 1159 1346 1224 cal·

142 1270 204 1336 culi
227 1271 449 1338 correctiones
471 1271 728 1360 proficiscuntur,
752 1273 780 1336 si
799 1273 866 1358 jam
890 1272 1028 1337 affectae
1052 1279 1127 1336 sunt
1147 1269 1233 1336 vitiis
1256 1293 1346 1336 com·
1421 1339 1424 1346 ,

140 1383 275 1469 plurium
299 1384 491 1452 minutorum
516 1386 730 1452 secundorum
754 1384 839 1450 natis
861 1406 903 1450 ex
926 1383 1205 1450 observationibus
1234 1405 1345 1470 parum

142 1497 309 1575 accuratis,
334 1507 424 1564 certe
448 1519 515 1562 non
538 1497 611 1584 plus
634 1497 750 1562 incerti
772 1497 896 1562 habent
918 1507 1053 1584 propter
1074 1495 1187 1562 minuti
1211 1495 1346 1562 secundi
1463 1535 1465 1540 ,

141 1607 304 1674 dimidiam
332 1618 475 1696 partem,
504 1631 600 1696 quam
628 1609 769 1675 calculus
798 1609 956 1676 incertam
982 1609 1125 1696 reliquit3
1155 1608 1346 1696 praesertim

142 1744 238 1808 quum
260 1721 293 1786 in
317 1721 398 1788 locis
421 1721 617 1788 normalibus
643 1721 880 1788 constituendis
897 1722 1096 1788 differentias
1111 1721 1181 1786 illas
1200 1721 1345 1788 interae
1411 1781 1419 1796 ,

142 1835 347 1922 compensari
372 1844 513 1902 constet.

232 1945 324 2012 Quae
348 1969 445 2033 quum
467 1947 512 2012 ita
534 1947 610 2026 sint,
635 1969 694 2012 sex
716 1955 815 2012 notae
847 1945 1024 2012 decimales
1053 1945 1087 2009 in
1110 1945 1227 2011 ceteris
1249 1944 1347 2012 ratio-

141 2056 248 2135 nibus,
272 2079 353 2142 quse
376 2058 410 2122 in
432 2080 538 2122 rerum
550 2069 663 2122 natura
677 2057 914 2142 investiganda,
933 2057 968 2122 in
982 2056 1064 2124 locis
1080 2057 1169 2143 globi
1183 2055 1347 2122 terrestris

143 2167 346 2246 definiendis,
369 2169 401 2233 in
425 2169 523 2236 rebus
546 2169 684 2235 nauticis
696 2168 831 2256 aliisque
848 2169 1067 2236 instituendae
1083 2179 1168 2250 sunt,
1186 2169 1265 2235 satis
1282 2169 1348 2236 suf-

142 2279 310 2346 ficientem
333 2281 543 2368 praestabunt
566 2281 786 2348 subtilitatem.
834 2281 986 2350 Omnium
1010 2283 1096 2348 enim
1118 2283 1227 2348 talium
1249 2283 1348 2350 ratio·

96 2443 100 2452 .
142 2417 221 2459 num
250 2395 457 2460 fundamenta
480 2404 584 2460 sumta
607 2419 648 2462 ex
672 2394 953 2463 observationibus
976 2396 1134 2462 minorum
1157 2395 1349 2462 instrumen-

109 2537 114 2546 ·
142 2515 247 2572 torum
272 2528 335 2592 ope
358 2507 452 2572 factis
476 2509 576 2573 multo
600 2508 704 2574 minus
720 2518 868 2574 accurata
891 2517 994 2573 erunt.

135 2607 138 2614 ’
230 2617 322 2684 Hanc
344 2641 449 2684 rerum
472 2619 692 2686 conditionem
715 2619 878 2706 aspemati
900 2619 1023 2705 priores
1046 2598 1225 2686 tabularum
1240 2619 1348 2687 edito·

141 2752 194 2796 res
218 2730 412 2816 singularem
432 2732 590 2817 quandam
614 2755 755 2798 summae
778 2731 991 2819 perfectionis
1015 2732 1160 2818 speciem
1188 2731 1348 2818 petebant

142 2837 335 2929 computatis
359 2844 613 2930 quamplurimis
635 2845 723 2910 notis
746 2843 969 2924 decimalibus,
994 2867 1072 2931 quas
1096 2844 1289 2930 Briggius
1313 2853 1348 2912 et

141 2954 368 3040 Vlacquius
391 2954 491 3020 denas
515 2956 568 3020 vel
592 2955 703 3042 quinas
719 2957 820 3022 denas
844 2955 877 3020 in
900 2955 1052 3022 tabulisa
1075 2979 1112 3022 se
1136 2956 1232 3022 editis
1254 2965 1348 3024 nota·
1412 2941 1415 2948 ⁴

141 3066 230 3130 bant.
273 3066 343 3130 Hos
367 3074 499 3131 secutus
524 3050 655 3132 saeculo
679 3078 754 3133 ante
778 3091 839 3134 nos
862 3069 1009 3156 proximo
1033 3046 1141 3155 Vega
1164 3070 1349 3136 thesaurum

140 3178 402 3282 legarithmorum
413 3180 453 3244 ad
465 3179 623 3244 decimam
635 3201 736 3266 usque
747 3189 859 3246 notam
875 3181 1067 3246 decimalem
1090 3191 1349 3269 computatorum

20 3287 24 3292 ’
142 3291 253 3356 edidit.
305 3290 524 3356 Novissimum
563 3314 641 3357 vero
673 3293 820 3378 ejusdem
859 3295 1000 3381 exempli
1030 3318 1111 3381 opus
1140 3305 1194 3360 est
1226 3295 1348 3377 tabula,

141 3427 234 3490 quam
252 3404 374 3469 curavit
396 3404 585 3484 Pronius‚
610 3405 726 3471 decem
741 3407 795 3470 vel
811 3405 1020 3492 complurium
1036 3417 1182 3472 notarum
1204 3407 1348 3474 decima·

141 3517 231 3594 lium,
256 3527 290 3580 et
314 3537 395 3602 quae
419 3516 522 3582 adhuc
546 3517 669 3583 inedita
691 3527 873 3614 asservatur
901 3518 933 3582 in
963 3519 1185 3586 observatorio
1209 3519 1347 3589 Parisio-

140 3650 219 3694 rum.
264 3627 350 3692 Num
380 3628 441 3692 hae
473 3638 508 3693 et
537 3629 617 3694 aliae
649 3629 807 3716 ejusmodi
830 3629 958 3694 tabulae
979 3653 1093 3696 revera
1117 3653 1255 3718 unquam
1276 3633 1347 3699 usui

140 3739 259 3804 fuerint
282 3741 315 3802 in
338 3738 527 3818 rationibus,
551 3740 646 3806 valde
669 3740 800 3818 dubito,
829 3740 891 3805 nisi
915 3741 1001 3826 quod
1023 3742 1195 3828 posteriori
1224 3743 1347 3810 tabula-

140 3873 210 3918 rum
234 3851 352 3916 editori
374 3851 457 3916 viam
480 3851 706 3938 patefecerint.

230 3962 408 4049 Praecipue
441 3965 482 4030 ad
512 3974 622 4051 aptum
650 3974 684 4030 et
714 3965 919 4031 commodum
943 3965 1072 4032 tabulae
1094 3989 1186 4032 usum
1209 3969 1347 4051 confert,

112 4055 117 4064 ⁸
141 4075 169 4141 si
191 4097 306 4162 parvas
329 4085 453 4141 tantum
466 4076 668 4144 differentias
684 4077 717 4142 in
733 4079 858 4144 calculo
873 4079 1018 4146 adhiberi
1034 4103 1117 4167 opus
1134 4091 1195 4146 est.
1241 4081 1348 4150 Unus·

142 4187 277 4274 quisque
303 4188 389 4253 enim
413 4189 486 4268 scit,
507 4189 575 4274 jam
597 4211 638 4256 eo
663 4199 792 4276 septem
807 4190 1007 4257 decimalium
1018 4213 1110 4256 usum
1125 4193 1262 4258 maxime
1278 4217 1347 4260 mo-

139 4299 259 4364 lestum
282 4299 363 4379 fieri,
387 4301 475 4386 quod
497 4301 530 4366 in
555 4300 655 4367 altera
677 4301 807 4366 tabulae
829 4310 937 4389 parte,
970 4325 1050 4389 quae
1079 4304 1263 4384 franctiones
1291 4309 1348 4372 tri-

141 4411 379 4496 gonometricas
396 4413 757 4500 continebargumenta
769 4413 901 4500 singulis
913 4415 1042 4481 minutis
1058 4416 1168 4501 primis
1185 4429 1346 4497 crescunt,

141 4521 186 4588 ita
208 4534 244 4588 ut
266 4525 471 4592 differentiae
495 4535 644 4612 quattuor
668 4536 762 4594 notas
788 4527 963 4594 decimales
986 4528 1156 4615 accipiant,
1181 4541 1216 4596 et
1231 4552 1348 4598 secun·
